2972 4974
554 487 756 534 innocuum.
798 424 800 429 -
1093 470 1155 536 127

144 691 249 756 omega
272 671 481 757 significetur,
504 669 634 736 similem
657 691 721 736 esse
743 668 824 734 dixit
847 668 1022 756 signisfliis,
1044 666 1158 753 quibus

143 786 232 875 ulpho
255 790 446 878 significetur
468 789 501 853 in
524 787 680 854 vocubulis
703 785 815 867 ἄστρων
838 790 869 852 et
888 787 998 865 αὐτὸν,
1018 787 1090 851 st.
1104 787 1157 850 ΙΙΙ

144 905 223 972 lines
247 912 297 974 12.
333 909 447 976 Verum
470 910 504 972 in
526 908 593 995 ipso
611 907 727 972 codicis
744 906 877 972 Medicei
895 906 1059 993 specimine
1076 907 1155 993 epud

144 1024 340 1093 Dindorfium
375 1051 417 1092 vs.
452 1030 517 1094 375
550 1032 701 1113 postrema
725 1024 840 1110 syllaba
864 1025 948 1091 vocis
979 1025 1159 1106 κρατούντων

143 1145 185 1210 ite
219 1148 333 1234 scripte
359 1151 422 1223 est,
447 1152 481 1212 ut-
511 1145 575 1232 peri
594 1145 666 1230 jure
689 1169 760 1210 -σων
783 1129 874 1228 etque
896 1167 966 1210 -σαν
988 1143 1050 1232 legi
1072 1167 1159 1232 posse

143 1262 290 1328 videetuc.
334 1263 417 1351 Ergo
451 1264 558 1328 αἰαννὶν
593 1264 638 1328 ita
669 1263 806 1350 potuisse
829 1263 1006 1349 depravari,
1028 1269 1064 1328 ut
1087 1263 1159 1328 inde

143 1381 272 1450 oriretur
305 1403 338 1446 ee
372 1381 537 1468 scripture,
571 1404 648 1467 quae
670 1403 754 1446 nunc
777 1383 810 1446 in
833 1381 920 1448 libris
943 1386 1010 1460 est,
1033 1385 1158 1469 apparet

143 1498 319 1568 luculenter.
353 1501 541 1566 Sententiam
566 1524 629 1566 esse
652 1498 828 1585 hujusmodi
848 1502 1009 1566 existimo:
1034 1502 1069 1566 in
1089 1501 1159 1574 ἑκὰς

143 1619 273 1708 intelligi
307 1621 498 1708 negationem
528 1643 565 1684 er
590 1621 752 1708 negatione
776 1625 942 1705 sequente,
968 1621 1048 1686 conf.
1073 1623 1157 1688 294:
1264 1631 1267 1638 '

143 1735 195 1818 ἔρον
224 1738 278 1806 ἄπ’
307 1738 408 1806 ἄλλων
438 1739 576 1806 breviore
605 1741 856 1817 constructione,
887 1740 956 1816 sed,
979 1741 1156 1827 praesertim

24 1847 26 1876 ²
144 1860 311 1946 praeposito
335 1860 513 1946 pronomine
536 1856 623 1924 rotule
643 1859 775 1924 Graecae
793 1857 918 1946 linguue
935 1859 1063 1924 maxime
1084 1881 1158 1924 oon-

144 1983 294 2056 outone,
319 1978 436 2052 dictum
460 2001 541 2056 esse,
563 1983 600 2042 ut
626 1978 819 2064 significetur
843 1978 998 2057 vindicte,
1033 2001 1096 2044 non
1120 1977 1158 2043 ab

145 2094 212 2162 eliis
233 2103 377 2177 venturu,
401 2097 453 2162 sed
472 2097 510 2162 ab
529 2097 619 2183 ipsis,
641 2119 749 2184 nempe
772 2097 936 2184 proximis,
960 2099 980 2161 i.
996 2120 1020 2162 e.
1040 2097 1158 2164 Oreste.
1247 2075 1250 2082 .

146 2211 283 2301 Denique
313 2217 503 2282 accusativus
535 2219 589 2296 ἔριν
621 2217 666 2282 ite
696 2215 827 2302 pendere
850 2216 972 2282 videtur
995 2214 1032 2280 ub
1055 2212 1158 2293 ὕμνος,

146 2337 178 2396 ut
207 2357 244 2400 ex
273 2358 309 2399 eo
339 2334 488 2402 vocabulo
517 2333 712 2422 intelligatur
742 2336 848 2414 ὑμνεῖν.
893 2335 932 2400 Iu
964 2335 1067 2400 Persis
1090 2338 1155 2400 490

145 2449 295 2539 legebatur

405 2569 458 2638 ἵετ’
481 2574 583 2648 electu
605 2572 655 2637 καὶ
680 2571 854 2654 πανόδνρτον

407 2691 533 2771 δύσθροον
556 2690 657 2758 eilde.

147 2806 235 2873 Nune
264 2809 389 2894 quidem
419 2811 507 2886 οωάνῆ
529 2809 697 2892 πάνδυρτον.
745 2809 859 2876 Verum
891 2815 1020 2895 utreque
1042 2810 1156 2888 forma,

145 2927 238 3001 οἰωνὸς
260 2933 290 2994 et
314 2930 416 3004 claude
438 2929 565 3016 ponitur
585 2929 688 2995 eedem
708 2929 953 3016 significatione:
980 2927 1154 3014 Hesychius

145 3042 229 3112 hebet
248 3048 363 3122 αἰανὸν,
387 3048 538 3130 χαλεπὸν,
562 3048 648 3115 αἰνόν.
695 3048 728 3114 Si
749 3047 866 3133 aliquid
887 3048 1057 3114 cudendum
1073 3053 1157 3126 erat,

145 3163 268 3252 legerem
291 3165 400 3249 αἰάζων
423 3166 485 3249 ἔρον.
531 3166 578 3232 cf.
600 3169 683 3234 Pers.
708 3171 773 3234 922

405 3289 450 3363 γα
472 3284 496 3350 δ’
519 3285 613 3366 αἰάζει
636 3287 693 3352 ταν
716 3285 847 3363 ἐγγαίαν

406 3403 495 3483 ἥβαν.

183 3527 255 3590 474.
300 3525 479 3606 αἱματηρὰν.
515 3524 566 3588 Ita
588 3523 669 3588 libri.
705 3522 867 3589 Turnebus
890 3521 1068 3603 αἱμασνροῖν,
1104 3523 1151 3590 cf.

144 3641 243 3728 Agem.
267 3649 332 3710 698
355 3644 411 3725 ἔρον
433 3641 648 3722 αἱματόεσσαν.

182 3766 254 3828 475.
301 3761 497 3828 Addiderunt
521 3761 574 3826 ulii
597 3766 653 3826 τῶν
676 3764 746 3846 post
771 3761 854 3834 θεῶν,
885 3759 975 3824 etiem
1000 3758 1152 3824 Welleue-

143 3897 205 3956 rus,
226 3886 293 3946 tum
318 3885 463 3958 metrum,
494 3886 560 3946 tum
589 3879 769 3946 sententium
793 3878 825 3942 id
850 3878 1004 3964 postulare
1026 3877 1153 3944 arbitru-

144 4003 196 4064 tus.
242 3999 291 4064 De
324 4005 423 4066 metro
457 4021 519 4064 uon
550 3999 679 4084 judico:
713 3999 896 4064 sententium
931 3999 993 4084 poti
1029 3997 1152 4064 urtiouli

144 4119 428 4202 praetermissionem
458 4139 599 4206 apparere
630 4116 752 4183 videtur
779 4139 817 4180 ex
842 4121 905 4182 287
939 4117 1152 4198 προστροπαίων

34 4296 37 4313 ,
143 4237 168 4300 ἐν
188 4239 274 4315 μένον.
322 4238 368 4302 Cf.
393 4241 602 4326 Agamemnon
628 4239 733 4313 1191,
757 4234 809 4300 ubi
840 4235 987 4322 llrinnyes
