3030 4978
555 481 754 526 anaornrro
1111 465 1150 524 81

147 665 266 748 qualem
298 687 381 730 nunc
410 687 443 728 ea
474 663 532 728 sibi
554 662 663 730 hahere
685 663 821 741 videtur,
845 663 874 726 io
901 663 1078 728 mortalibus
1101 687 1155 752 pro

148 783 216 848 Deo
237 783 366 860 colitur,
391 783 452 848 imo
475 783 543 870 plus
566 805 655 867 quam
679 781 763 846 Deus
788 804 853 846 esse
880 781 1016 846 videtur:
1038 782 1107 846 ideo
1131 784 1158 847 si

148 903 218 986 quis
239 925 304 966 earn
324 901 412 967 habet
432 925 487 966 nec
507 923 540 965 aa
551 900 714 986 quidquam
727 900 823 985 majus
835 905 921 986 putat
933 949 940 974 ,
952 902 1060 984 quovis
1072 903 1157 986 quasi

149 1021 299 1107 strepitu,
329 1021 412 1084 velut
439 1043 522 1086 nunc
545 1020 784 1105 Clytaemnestra
809 1020 942 1096 somnio,
965 1021 999 1084 in
1022 1020 1159 1086 timorem

151 1139 318 1224 conjicitur
340 1161 377 1202 ne
399 1161 483 1204 suam
509 1138 686 1204 felicitatem
710 1139 837 1202 amittat.
877 1139 943 1202 Nec
962 1139 1045 1223 justa
1069 1161 1160 1204 causa

150 1258 273 1323 timoris
301 1256 399 1330 abest,
426 1257 525 1343 posita
550 1258 582 1320 in
607 1257 711 1322 divina
730 1257 868 1342 justitia:
890 1280 966 1342 quae
989 1280 1078 1324 causa
1098 1259 1159 1344 jam

151 1377 295 1462 deinceps
318 1375 478 1441 indicatur.

197 1499 249 1560 61.
297 1494 386 1566 δίκας.
431 1494 516 1559 Libri
541 1494 639 1574 δίκαν,
659 1495 711 1560 sed
731 1494 894 1562 scholiasta
911 1496 1070 1560 manifesto
1086 1496 1162 1582 legit

151 1613 254 1690 δίκας,
281 1619 462 1700 quapropter
485 1619 566 1678 recte
588 1613 777 1679 emendatum
801 1620 855 1679 eat.
901 1612 1000 1680 Etiam
1028 1622 1087 1686 τοῖς
1109 1615 1162 1692 μὲν

153 1735 186 1797 in
210 1731 416 1819 explicatione
439 1738 536 1798 mutat
559 1732 721 1798 scholiasta
743 1733 775 1796 in
799 1733 864 1806 τοὺς
888 1734 958 1812 μὲν,
989 1733 1040 1797 sod
1064 1738 1162 1798 tamen

153 1875 168 1915 e
202 1850 323 1916 scholio
355 1874 424 1914 mox
458 1851 562 1928 addito
588 1851 653 1916 clari
679 1851 754 1938 (τοῦ)
779 1852 844 1924 τοὺς
868 1851 921 1930 μὲν
944 1851 1162 1938 intelligimus,

153 1993 222 2036 enm
246 1969 358 2056 legisse
382 1970 525 2035 dativum.
574 1970 650 2036 Mox
675 1975 717 2034 64
746 1971 780 2034 M
800 1970 889 2036 habet
908 1969 1062 2052 xpouldcur'
1083 1971 1164 2052 ἄχη,

154 2092 184 2155 G
217 2096 250 2154 et
282 2089 376 2154 codex
406 2089 575 2155 Robortelli
606 2087 760 2172 zpcvldour'
791 2089 876 2171 εὕχη.
926 2092 965 2155 In
996 2092 1036 2156 Is.
1061 2091 1165 2155 Vossii

154 2210 264 2274 codice
287 2209 387 2274 deerat
410 2209 496 2287 μένει.
543 2210 674 2274 Dativns
702 2217 760 2282 τοῖς
783 2211 836 2289 μὲν
858 2209 970 2296 pendet
993 2233 1009 2272 a
1031 2217 1161 2290 ταχεῖαι

156 2331 198 2394 rol
222 2327 247 2392 δ’
272 2327 484 2400 adverbialiter
507 2330 639 2414 positum
663 2334 725 2405 est,
747 2332 777 2392 ct
800 2351 836 2392 ex
856 2351 890 2392 eo
910 2327 998 2392 facile
1017 2328 1166 2414 intelligi·

157 2453 211 2512 tur
227 2445 380 2530 objectum
398 2447 478 2511 verbi
500 2447 591 2526 μένει,
615 2447 681 2518 τοὺς
701 2446 741 2510 ds‘:
765 2447 798 2510 in
821 2446 899 2526 μένει
922 2468 1027 2511 rursus
1051 2445 1167 2532 subjec-

155 2571 222 2632 tum
249 2566 320 2648 ῥοπὴ
347 2565 428 2638 δίκας
452 2565 645 2652 intelligitur.
683 2565 758 2639 dctus
785 2588 846 2630 non
870 2564 968 2630 lucam
993 2565 1165 2642 felicitatis,

157 2685 210 2750 sed
241 2689 361 2772 tempus
393 2685 469 2760 diei,
499 2685 519 2748 i.
543 2709 566 2748 e.
600 2691 718 2770 tempus
743 2707 803 2748 non
829 2686 925 2748 serius
948 2688 1051 2758 notat,
1075 2706 1167 2768 quum

158 2807 330 2893 opponatur
352 2804 480 2890 tempori
505 2804 619 2868 seriori.
665 2803 810 2867 Ostendit
834 2803 944 2882 Poeta,
968 2825 1083 2888 semper
1105 2827 1168 2867 ma-

157 2923 267 2988 leficiis
294 2944 420 3008 poenam
446 2943 509 2986 esse
531 2925 680 3008 paratam,
704 2920 776 2984 licet
799 2943 862 2985 non
885 2943 999 3007 semper
1022 2922 1169 2986 continuo

158 3044 315 3128 appareat:
345 3038 420 3104 alios
447 3041 567 3119 statim,
589 3061 683 3124 quum
705 3041 813 3126 flagrat
836 3041 926 3104 ctiam
950 3041 1084 3116 facinus,
1103 3041 1170 3124 jus-

158 3161 230 3224 titia
252 3159 389 3224 invadit:
414 3158 489 3224 alios
513 3159 608 3223 serius
631 3164 748 3234 manet,
767 3158 830 3244 jam
855 3181 961 3248 magna
984 3161 1064 3226 vitae
1084 3163 1170 3246 parte

160 3283 301 3366 peracta,
320 3278 405 3362 quasi
428 3300 520 3362 quum
542 3277 751 3364 crepusculum
774 3279 875 3355 venit,
893 3279 1078 3364 tarditasqnc
1099 3300 1170 3364 sup-

160 3398 247 3486 plicii
279 3398 428 3484 gravitate
459 3401 684 3484 compensatur:
716 3396 768 3461 alii
793 3398 904 3461 mortni
928 3397 1043 3462 demum
1067 3398 1099 3462 in
1123 3399 1171 3462 in-

160 3517 235 3581 feris
258 3537 369 3601 poenas
393 3515 529 3580 infinitas
552 3516 722 3580 inveniunt.
760 3517 924 3600 Nunquam
948 3521 1048 3580 tamen
1067 3517 1171 3582 caedas

162 3633 265 3700 inulta
287 3633 353 3698 fore
377 3633 510 3719 potanda
532 3639 587 3697 est.
633 3631 747 3698 Versus
771 3637 813 3696 aa
837 3639 931 3698 metro
948 3656 1010 3698 non
1030 3636 1172 3698 convenit

163 3752 266 3819 versui
290 3755 341 3816 53.

211 3874 263 3935 65.
311 3869 461 3950 ἄκραντος.
507 3869 573 3934 Alii
596 3870 633 3934 de
656 3869 828 3954 conjectura
850 3866 985 3950 ἄκρατος.

212 3993 263 4054 66.
287 4033 289 4036 -
309 3987 380 4052 Hoc
412 4009 500 4052 versu
531 3987 725 4052 Hermannus
755 3989 874 4052 tertiam
906 3987 1059 4075 stropham
1082 3989 1171 4051 insti-

166 4108 248 4184 tuit,
270 4113 301 4172 et
326 4111 366 4174 71
393 4105 628 4192 antistropham,
652 4107 768 4194 epodon
793 4111 843 4172 75.

215 4228 265 4290 66.
311 4224 346 4292 Μ
371 4225 503 4301 ἔκποθεν,
528 4225 637 4309 reliqui
659 4224 731 4290 libri
753 4225 876 4290 ἐκποθὲν.

1039 4345 1055 4398 6
