2972 4974
551 443 751 488 annonnnro.
1094 425 1152 486 117

152 631 215 713 post
243 625 344 692 τέἄννε
377 627 460 712 quod
490 646 670 711 quamquam
694 648 757 690 non
780 625 896 711 recepi,
919 627 1019 688 tamen
1041 622 1155 686 arridet

151 743 235 822 mihi,
258 751 289 810 et
311 744 495 832 singularem
516 767 673 810 nnmerum
695 745 829 832 graviter
850 743 983 830 positum
1005 763 1070 806 esse
1093 762 1156 806 ore·

150 863 269 928 diderim
303 864 341 929 ad
374 864 606 950 significandam
641 887 732 929 unam
767 864 903 940 caedem,
944 883 1020 946 qnae
1054 861 1156 948 plnres

150 990 293 1070 provocet.
338 983 385 1048 cf.
410 988 462 1048 66.

188 1106 258 1168 401.
303 1109 478 1185 προσαιτεῖν.
495 1102 651 1168 Praeterea
662 1100 828 1190 postulare:
841 1099 981 1189 Xenoph.
990 1099 1154 1165 Anab.L.I

147 1244 170 1288 e.
184 1222 234 1287 111
255 1226 295 1287 21
320 1229 486 1304 προσαιτεῖν
505 1221 618 1301 μισθόν,
642 1221 787 1308 majorem
810 1220 975 1286 mercedem
993 1217 1155 1307 postulare.

187 1345 258 1407 402.
302 1341 371 1427 βοᾷ.
416 1341 512 1406 Recte
534 1341 716 1407 scholiasta:
740 1341 788 1406 aa
809 1341 881 1420 βοῆς
904 1339 1074 1424 ἐφέλκεται.

187 1464 258 1525 402.
303 1460 401 1538 λοιγὸν
421 1462 553 1543 Ἐριννὺς.
588 1461 776 1548 Scripturam
792 1458 871 1524 hanc
886 1459 1033 1524 librorum
1045 1480 1155 1545 agnos-

147 1581 186 1644 eit
207 1579 378 1646 scholiasta.
424 1578 606 1646 Schuetzius
638 1579 752 1665 aliique
776 1578 925 1644 dederunt
947 1578 1047 1658 λοιγὸς
1065 1577 1154 1660 Ἐριν-

145 1699 203 1777 νὺν,
227 1723 288 1766 non
311 1705 402 1767 recta
531 1775 533 1780 ,

185 1822 255 1886 403.
302 1819 442 1902 πρότερον.
488 1818 575 1884 Libri
599 1819 755 1902 προτέρων,
787 1818 869 1903 quod
900 1817 1029 1884 retinuit
1056 1816 1153 1881 Klan-

146 1939 272 2017 aaniua,
290 1939 431 2023 idemque
459 1938 557 2018 λοιγὸν
587 1936 722 2020 Ἐριννὺς.
762 1940 901 2002 Acumen
923 1935 1013 2002 habet
1035 1938 1068 2000 in
1092 1935 1151 2000 loci

145 2058 357 2145 explicatione,
389 2058 449 2123 hoc
482 2059 587 2135 modo,
623 2065 659 2122 ut
695 2053 789 2139 τιιρᾶ
808 2056 915 2123 haheat
945 2057 1150 2122 actusativum

145 2173 225 2252 ἄτην,
246 2178 423 2266 significuus
440 2181 578 2264 propter,
602 2181 638 2240 ut
658 2177 695 2241 ad
715 2176 794 2241 illud
813 2174 887 2252 ἄιην
910 2169 1058 2263 pertineat
1077 2173 1150 2240 ἐτᾶ-

145 2316 260 2374 νιιιτιιν,
283 2299 314 2361 at
337 2296 374 2361 ab
397 2295 455 2361 hoc
479 2296 641 2384 participio
665 2295 794 2383 pendeat
817 2295 925 2378 ἑτέριιν.
960 2295 1028 2360 Nos
1050 2299 1151 2360 tamon

145 2415 220 2495 τιιρᾶ
242 2415 270 2480 h.
286 2414 307 2479 l.
330 2413 438 2479 habere
465 2415 638 2502 genitivum
668 2414 814 2498 φθιμένων
836 2415 1002 2492 credimus,
1026 2411 1153 2490 statana

146 2553 202 2598 asae
223 2533 443 2621 appositionem
465 2532 605 2598 vocabuli
624 2533 739 2611 λοιγὸν,
763 2534 801 2598 ad
820 2531 894 2609 ἄτην
916 2533 1068 2620 pertinere
1090 2532 1153 2598 ἑτέ-

145 2675 189 2730 ριιν
211 2657 241 2718 et
263 2649 452 2730 ἐνιᾶνιντιιν,
488 2650 547 2716 hoe
573 2673 641 2716 vero
664 2653 860 2740 participium
882 2653 1077 2718 intransitive
1098 2674 1153 2740 po-

145 2770 229 2836 situm
252 2793 318 2837 esse
337 2772 565 2860 significatione
585 2773 738 2851 irruendi,
760 2773 911 2859 quomodo
934 2773 1014 2860 apud
1037 2771 1151 2838 Home-

146 2909 205 2955 rum
226 2890 285 2956 od.
308 2899 338 2956 T
361 2893 425 2956 445

405 3011 442 3082 ὡς
464 3008 626 3087 ἕτᾶνοντες
649 3012 771 3093 ἐτητιιν.

147 3124 199 3191 Pru
219 3127 391 3208 ἕτᾶγιντιιν
414 3128 578 3194 Turnebus
602 3128 693 3194 habet
717 3127 867 3209 s'arotyovr'.

183 3248 253 3312 405.
299 3247 480 3314 Dindorfius
511 3247 585 3314 haec
618 3249 775 3327 Electrae,
810 3271 866 3314 nos
889 3249 1015 3312 Orestae
1042 3248 1151 3312 tribui-

147 3383 225 3431 mus:
246 3366 389 3434 similiter
411 3364 592 3446 scholiasta,
617 3369 671 3454 qui
696 3368 734 3432 ad
760 3389 801 3432 vs.
825 3369 909 3432 412:
939 3363 987 3431 ὅτε
1009 3390 1043 3431 τε
1065 3367 1151 3432 οἰκτι-

146 3481 249 3562 ζᾶριεννν
271 3483 322 3550 lta
346 3483 485 3567 Ὀρέττιι.

185 3605 253 3668 406.
299 3603 452 3688 Φᾶιμένινν.
498 3605 534 3670 Μ
558 3603 727 3688 Φᾶεᾶμένων.

184 3725 254 3788 408.
299 3720 441 3802 aaaron
463 3721 568 3804 ἄτιμα.
615 3725 662 3790 Of.
686 3729 749 3790 295
775 3723 892 3790 τᾶντιιν
915 3723 940 3789 δ’
962 3723 1075 3806 ἄτιμον.

185 3845 253 3908 400.
299 3845 345 3908 mi
368 3867 412 3916 τις
435 3841 568 3924 τρᾶιιοιτ’
591 3841 637 3910 ἄν.
685 3844 721 3909 Μ
744 3867 1011 3926 τετιττριιτνιτιιν,
1045 3844 1152 3910 sedin

39 3946 43 3973 l
227 3961 234 3973 .
327 3963 342 3978 u
491 3961 497 3984 Ι
568 3959 576 3986 t
607 3959 620 3984 ν

39 4036 45 4049 Ι
152 3979 275 4048 nargme
297 3986 352 4028 τιιι
376 3985 422 4034 τις
444 3985 569 4043 τριιτοιτ
599 3987 646 4028 νιν.

187 4082 255 4146 400.
300 4077 413 4148 atzab.
457 4083 497 4146 In
524 4081 559 4146 M
583 4083 728 4148 omissum
758 4105 822 4148 esse
844 4083 922 4150 dicit
944 4084 1139 4151 Hermannns

151 4214 240 4264 vuum
263 4205 363 4267 exstat
386 4201 419 4265 in
445 4201 612 4288 specimine
637 4201 801 4270 Dindorfii.
