3030 4978
461 485 726 532 ruraararrarro
758 487 892 534 cirrus.
1138 477 1178 538 55

219 670 287 735 Cleo.
334 671 448 734 Verum
479 668 528 734 lex
558 675 620 748 est,
649 672 757 734 effusas
789 670 874 736 humi
903 677 1008 757 guttas
1040 679 1256 739 cruentus400

161 788 263 852 alium
282 795 432 875 praeterea
454 788 608 874 postulare
632 791 818 874 sanguinem.
864 791 946 854 Nam
969 797 1058 857 uocat
1082 795 1181 879 perni-

162 907 245 970 ciem
270 906 404 992 Erinnys
426 907 521 971 abiis
541 908 594 990 qui
612 908 698 993 prins
718 908 871 973 interfecti
891 914 979 988 sunt,
1000 911 1182 996 alteramque

163 1023 284 1088 cladem
308 1047 384 1110 quae
408 1031 475 1110 post
500 1024 615 1088 cladem
639 1026 744 1090 irruat.

216 1143 266 1206 Or.
312 1141 381 1213 Quo
404 1165 464 1227 quo
483 1143 545 1228 jam
568 1143 905 1230 inferorum-imperia?
942 1145 1056 1210 Videte
1075 1151 1181 1233 poten-

160 1266 214 1326 tes
234 1261 316 1325 dirae
335 1267 541 1338 mortuorum,
560 1262 706 1348 adspicite
727 1263 902 1328 Atridarum
920 1263 1063 1348 reliquias
1076 1267 1180 1352 inopes

163 1379 337 1464 domusque
374 1401 445 1445 suae
483 1376 599 1444 honore
634 1385 777 1446 carentes.
817 1381 888 1452 Quo
916 1404 949 1446 sc
976 1385 1046 1466 quis
1072 1390 1185 1458 vertat,

160 1523 182 1562 o
210 1500 353 1586 Jupiter?

217 1617 285 1680 cuo.
329 1618 475 1704 Agitatur
497 1617 609 1682 iterum
631 1616 707 1682 mibi
732 1640 802 1696 cor,
823 1618 913 1683 istam
936 1619 1181 1686 lamentationem
1194 1625 1258 1686 410

159 1735 313 1800 audienti.
360 1735 401 1799 Et
424 1735 514 1799 modo
539 1736 645 1800 malam
670 1759 751 1822 spem
775 1735 888 1814 babeo,
910 1737 1046 1823 mihique
1060 1743 1183 1825 pectora

161 1855 210 1920 ad
228 1853 303 1919 tales
328 1877 416 1919 voces
435 1855 660 1941 perfunduntur
679 1855 811 1940 caligine
827 1856 981 1922 audienti:
1000 1880 1093 1942 quum
1114 1882 1183 1924 vero

160 1975 264 2038 fortes
286 1995 375 2039 voces
398 1975 504 2052 audio,
527 1974 616 2038 fortia
641 1997 715 2040 mea.
729 1979 851 2060 pectora
875 1976 1011 2062 repulere
1034 1978 1185 2043 dolorem,

160 2096 206 2157 ut
227 2113 275 2156 res
299 2090 374 2156 mihi
398 2091 472 2156 bene
494 2097 639 2158 eventura
661 2092 809 2158 videatur.

219 2211 268 2274 Or.
313 2209 397 2282 Quid
429 2212 534 2277 misere
564 2233 619 2275 nos
646 2212 746 2278 dicere
765 2213 939 2300 oportebit?
964 2237 1038 2278 num
1061 2215 1182 2280 dolores

162 2352 247 2415 quos
277 2352 294 2393 a
324 2329 499 2416 parentibus
530 2331 689 2416 patimur?
724 2332 814 2396 Licet
838 2332 983 2410 blandiri,
1007 2355 1110 2400 verum
1133 2334 1180 2399 illi
1194 2329 1257 2392 420

161 2471 232 2515 non
253 2448 434 2514 mulcentur.
469 2451 551 2517 Nam
574 2457 608 2514 ut
633 2450 766 2516 crudelis
789 2451 881 2538 lapus
905 2452 1017 2539 placari
1037 2455 1182 2537 nequitu

164 2572 266 2632 matre
286 2569 341 2631 ira.

218 2688 288 2750 Cho.
333 2686 495 2751 Planctum
515 2687 598 2750 edidi
618 2689 728 2752 Arium
745 2688 792 2752 vel
805 2689 1014 2755 Oissiacmore
1026 2692 1180 2776 praeficae:

164 2806 325 2871 mordicus
354 2805 532 2892 plangentes
563 2805 754 2892 multumque
779 2813 925 2894 vagantes
948 2809 1051 2874 videre
1072 2809 1182 2875 licebat

168 2929 203 2989 et
224 2925 397 3009 frequenter
415 2929 554 2990 extensas
573 2947 680 2990 manns
700 2948 828 3012 superne
846 2926 1012 3013 longeque:
1037 2929 1182 3014 strepitu·

167 3065 232 3126 qua
254 3040 380 3106 sonabat
403 3042 555 3128 pulsatum
581 3050 672 3130 caput
694 3067 794 3108 meum
815 3047 1038 3109 miserrimum..

217 3161 269 3225 El.
314 3161 352 3224 Io
380 3161 411 3225 io
441 3162 552 3226 infesta
575 3163 775 3227 audacissima
799 3169 907 3240 mater,
929 3166 1049 3230 infestis
1074 3166 1106 3228 in
1130 3165 1256 3229 oar-430

170 3279 285 3364 sequiis
320 3279 466 3344 comitatu
500 3279 648 3365 luctuque
682 3288 831 3346 carentem
863 3305 962 3368 regam
994 3285 1094 3348 virum
1116 3284 1183 3347 sine

170 3399 246 3462 fletu
270 3396 396 3485 sepelire
419 3399 604 3464 sustinuisti.

221 3519 269 3581 Or.
316 3517 429 3582 Omnia
460 3518 568 3582 dixisti
602 3519 822 3605 ignominiose,
859 3519 907 3584 hei
937 3519 1021 3584 mihi.
1067 3521 1181 3586 Verum

171 3636 267 3722 patris
288 3636 487 3723 ignominiam
509 3659 580 3701 sane
598 3637 663 3702 luet
683 3659 734 3724 per
752 3637 834 3702 Deos
853 3661 965 3724 perque
977 3661 1055 3703 meas
1068 3661 1182 3704 manus.

173 3755 254 3818 Tum
276 3776 332 3841 ego
355 3756 547 3827 caedefacta
569 3757 722 3821 inteream.

223 3874 289 3937 clo.
334 3874 500 3938 Laceratus
534 3896 604 3940 vero
634 3880 696 3952 est,
731 3879 767 3940 ut
801 3871 860 3938 hoc
890 3875 976 3939 scias.
1021 3873 1182 3946 Quomodo

173 3991 262 4056 illum
293 3993 440 4066 confecit.
471 3994 515 4057 ita
545 4015 612 4058 aum
637 3993 760 4081 sepelit,
784 3999 895 4058 sortem
919 3997 1113 4066 constituere
1129 4001 1257 4064 (απ-4140

175 4112 261 4198 piens
295 4111 516 4178 intolerabilem
550 4115 630 4179 vitae
662 4118 741 4178 tuae.
786 4112 886 4179 Audis
909 4115 1004 4200 patris
1027 4137 1182 4179 aerumnas

173 4234 401 4320 ignominiosas.
