2972 4974
354 520 416 582 176
755 537 956 582 assensero.

397 721 470 782 940.
516 718 731 798 πυθοχρήστους.
767 718 819 782 sio
838 718 919 782 libri.
950 717 1127 782 Diudorlius
1146 717 1357 798 συθθχρνρσσοςῑ

350 838 478 901 fortasse
511 835 602 900 bene:
638 837 706 901 vide
739 859 815 920 quae
849 837 970 901 monuit
997 838 1030 900 in
1062 835 1216 902 Thesauro
1240 836 1368 922 linguae

352 957 491 1020 Graecae.

397 1076 470 1139 941.
515 1073 712 1156 εὐφρσδοοῖσνν.
747 1074 800 1138 sie
824 1073 858 1137 M
879 1078 909 1136 et
930 1073 966 1137 G.
999 1073 1232 1156 Βνὶφροδοῑσνν,
1245 1073 1369 1137 Turne-

350 1192 407 1257 bus
430 1192 459 1257 δὲ
481 1193 653 1275 Φρνδοΐσννι
683 1193 765 1277 quod
788 1192 930 1258 nonnulli
954 1194 1053 1257 secuti
1078 1197 1166 1256 suut:
1190 1192 1241 1256 alii
1266 1193 1369 1257 edunt

350 1309 382 1377 εὖ
404 1311 568 1394 euastata.
616 1311 807 1376 Vocabulum
840 1312 970 1394 εὐφροδή
1001 1311 1073 1376 alibi
1105 1333 1167 1376 non
1190 1313 1370 1388 invenitur,
1477 1319 1478 1382 ζ

349 1435 494 1515 quantum
519 1431 598 1494 scio:
621 1452 683 1494 non
708 1437 807 1494 tamen
834 1431 1012 1494 mutandum
1036 1437 1121 1516 puto.

393 1553 465 1612 942.
511 1548 704 1626 ἐπολολύξατ’
724 1545 752 1613 ὦ.
799 1549 982 1614 Emendavit
1005 1549 1177 1615 Seidlerus:
1199 1550 1271 1615 libri
1293 1552 1365 1616 ἕπο-
1477 1603 1478 1620 t

267 1735 270 1744 ,
349 1665 512 1743 λολυξθτο.

389 1788 464 1850 949.
509 1785 687 1850 δεσποσύνων
711 1785 810 1864 δθμων.
851 1786 1013 1872 Comparat
1033 1786 1186 1871 Stanlajus
1206 1785 1368 1872 Aristoph.
1477 1811 1478 1880 ρ

347 1905 466 1969 Thesm.
492 1907 534 1968 49
558 1904 632 1970 ἔνδον
655 1903 802 1984 μελθθρον
825 1911 880 1969 σῶν
904 1905 1092 1970 δεσποσύνων.
1477 1889 1478 1904 ¹

393 2027 465 2089 948.
511 2023 675 2106 οὶνοφυνθος
699 2028 804 2088 κακῶν.
851 2022 1039 2088 Abreschins
1058 2046 1112 2109 pro
1132 2024 1165 2087 ἐκ
1184 2029 1280 2088 κονιῶν
1298 2025 1366 2088 dic·
1477 2039 1478 2048 ¹

347 2149 413 2208 turn
433 2164 498 2206 esse
518 2148 639 2218 monet,
659 2165 835 2228 comparans
854 2141 946 2229 Soph.
966 2142 1097 2208 Philout.
1115 2145 1201 2207 1043
1217 2152 1271 2218 σῆς
1283 2143 1366 2208 νθσου

347 2260 540 2341 πεφευγέναι.

393 2385 466 2446 943.
511 2380 626 2462 τρνβοῖς.
672 2380 759 2445 Libri
784 2381 898 2461 σρνβθνς.

393 2504 467 2565 944.
514 2501 568 2565 ὑπὸ
592 2499 664 2564 δυοῖν
684 2500 857 2581 μνονσσθρονν.
904 2500 1073 2588 Conjnngit
1092 2499 1276 2565 Schnetnius
1292 2523 1364 2565 eum

345 2619 465 2700 νρνβᾶςε
496 2641 573 2704 quae
603 2619 733 2705 direptio
765 2619 981 2684 intendebatur
1008 2643 1025 2682 a
1049 2617 1168 2684 dnobus
1191 2618 1363 2684 sceleratis:

346 2740 463 2825 potius,
495 2739 520 2801 si
551 2739 594 2801 ita
625 2739 809 2824 conjungas,
839 2738 1054 2824 explicandum
1084 2744 1143 2802 est:
1173 2760 1249 2823 quae
1272 2737 1364 2802 fiebat
1477 2731 1478 2736 ¹

347 2880 363 2920 a
387 2856 503 2921 duobus
527 2857 697 2920 sceleratis:
721 2856 758 2920 cf.
785 2860 856 2922 137.
892 2857 1006 2921 Verum
1026 2861 1157 2942 praestat
1176 2858 1364 2942 conjungere

347 2998 413 3040 enm
438 2976 617 3057 οὶνοοφυνοδςε
640 2975 786 3060 effugium
810 2997 846 3039 ex
871 2971 1040 3052 sceleratis,
1068 2997 1105 3038 ex
1127 2974 1268 3040 manibus
1292 2974 1363 3038 illo-

346 3117 421 3159 rum.
456 3095 508 3158 sic
542 3093 694 3158 Homerus
728 3093 765 3157 Il.
789 3093 814 3157 P
839 3096 903 3156 224
927 3093 1033 3174 ῥύοισθε
1060 3091 1109 3157 ὑπ’
1128 3091 1276 3173 Ἀχοννῶν,
1301 3115 1362 3156 ser-

345 3214 422 3277 vetis
454 3212 490 3278 ab
522 3210 664 3290 Achivis3
697 3213 740 3276 el.
762 3215 843 3275 645:
875 3211 907 3276 N
932 3214 995 3276 198
1019 3210 1157 3293 θρσθζενν
1180 3211 1235 3275 ὑπὸ
1256 3215 1362 3288 κυνῶν,

345 3332 458 3418 eripere
489 3330 630 3396 canibus:
666 3331 691 3394 Τ
728 3333 769 3395 73
803 3336 912 3412 φυγεῖν
946 3331 997 3394 ὑπ’
1031 3328 1154 3410 ἔγχεος,
1181 3332 1293 3394 servari
1322 3351 1360 3393 ex

345 3448 447 3512 hastae
470 3449 620 3535 periculo:
645 3446 680 3519 Φ
699 3451 739 3511 56
760 3449 973 3524 οὶνονστνθσονσονν
998 3448 1052 3513 ὑπὸ
1071 3448 1177 3532 ζθφου,
1196 3453 1359 3533 resurgent

345 3589 381 3630 en
405 3566 518 3630 inferis.
565 3566 605 3630 Et
629 3565 755 3629 Hesiod.
776 3567 861 3630 Seut.
887 3565 978 3629 Herc.
1003 3569 1045 3628 49

433 3685 470 3754 ὡς
493 3681 516 3747 δ’
540 3680 581 3747 ὅτ’
604 3683 673 3763 θνίρρ
696 3683 850 3748 θσσοοσσδν
875 3684 1095 3766 tarnatense
1118 3681 1272 3758 κοικθσησοι

433 3801 529 3866 νούσου
553 3802 601 3865 ὑπ’
624 3801 773 3882 θρνολένς
798 3801 815 3878 ἢ
838 3801 888 3866 aul
912 3806 1058 3883 κρατεροῦ
1073 3801 1128 3865 ὑπὸ
1151 3802 1266 3878 δεσμοῦ.

390 3925 463 3984 945.
509 3921 641 3999 δυσοίμου
664 3921 773 4000 auxes.
820 3920 878 3984 list
897 3921 1046 4006 appositio
1066 3919 1280 3985 vocabulorum
1301 3943 1357 3983 κνο-

344 4044 399 4103 κῶν
423 4045 453 4103 et
475 4039 589 4121 σρνβῖος.
639 4039 811 4124 Hesychius
842 4039 990 4118 δύσονμος,
1021 4038 1068 4103 ἐπὶ
1092 4041 1172 4121 κοινῷ
1195 4037 1356 4116 {leovum

345 4156 467 4229 δύσοδος.

391 4281 463 4341 946.
508 4271 537 4359 ᾧ
584 4276 707 4342 Malunt
730 4279 782 4342 alii
803 4245 1002 4362 ernendareat
1036 4276 1094 4341 Et
1106 4277 1246 4343 universa
1258 4277 1353 4364 signi-
