2972 4974
631 476 829 521 snsonsnro.
1170 459 1231 521 153

223 658 243 722 i.
267 680 289 721 e
311 657 401 738 ὥραν,
426 663 457 722 et
487 659 668 723 sententiam
693 655 769 722 hene
792 679 857 723 esse
883 657 991 722 oredo:
1015 659 1156 735 Orestes,
1178 656 1232 743 qni

220 779 306 840 extra
339 775 487 862 pericula,
521 781 607 842 extre
644 777 724 842 dirus
757 775 848 862 hujus
882 776 988 842 domus
1011 781 1092 853 eret,
1115 777 1147 840 in
1172 797 1233 861 qno

224 891 326 958 domui
349 898 469 959 nostres
493 894 626 960 dirarum
651 893 815 959 remedium
839 899 869 959 et
893 895 1026 960 instit-ise
1044 917 1125 981 spem
1146 913 1232 981 repo·

223 1012 383 1089 nebsmns,
411 1035 480 1091 vos,
500 1013 624 1100 ‘quippe
655 1014 735 1079 diros
766 1016 885 1078 nostrae
915 1013 1039 1092 domus,
1062 1017 1234 1101 praesentes

222 1129 386 1208 adscribit,
416 1133 435 1196 i.
467 1155 491 1196 e.
523 1137 649 1197 vestram
685 1132 882 1221 praesentium
905 1133 1014 1210 sentit,
1038 1156 1108 1212 vos,
1130 1155 1235 1218 quom·

220 1271 313 1336 quem
338 1271 354 1313 s
382 1250 471 1314 domo
494 1255 641 1326 remotus,
664 1253 796 1338 effugere
818 1273 880 1315 non
903 1251 1014 1338 potuit.
1065 1251 1176 1317 Verum
1201 1273 1236 1316 es

223 1373 325 1432 tumen
350 1366 512 1455 explicatio
535 1367 610 1434 mihi
633 1391 694 1434 non
719 1369 838 1436 videtur
858 1369 1021 1434 commodo.
1055 1370 1120 1435 Neo
1139 1371 1236 1456 serip-

222 1491 311 1551 tnrse
329 1486 474 1552 librorum
495 1487 638 1552 convenit
657 1486 813 1554 scholion:
834 1487 921 1566 πθξαν
932 1489 1145 1572 αφανεσθεῖπαν
1156 1491 1233 1572 ἀρᾷ,

220 1608 263 1677 ὥς
286 1605 354 1687 πρὸς
377 1606 410 1671 πθ
432 1605 516 1678 ese
542 1605 565 1670 θ’
585 1607 738 1672 ἀπέδωκεν.
772 1607 908 1672 Primum
928 1608 1079 1673 cernimus
1098 1629 1114 1673 e
1134 1605 1233 1685 παξρν,

221 1723 419 1790 sehsnssum
442 1725 550 1812 legisse
572 1727 801 1813 imperativum:
825 1731 856 1791 et
882 1727 954 1792 novi
974 1726 1112 1812 quidem,
1131 1726 1236 1813 dispu-

224 1843 284 1908 tari
316 1843 354 1908 de
377 1843 471 1909 formo
490 1844 629 1927 γραφέα,
656 1866 692 1908 sn
716 1845 758 1908 sit
785 1845 906 1922 Attice,
929 1867 1049 1922 verum,
1072 1867 1167 1930 quum
1191 1851 1237 1910 te-

224 1984 296 2026 men
327 1962 478 2048 soripinrs
507 1962 650 2027 mutando
681 1961 835 2040 videatur,
866 1963 961 2028 nolim
995 1968 1058 2028 tem
1091 1963 1235 2029 ineertsm

224 2080 353 2145 formem
372 2081 517 2154 retinere,
536 2084 566 2144 et
586 2081 686 2146 scribo
703 2078 850 2164 ἔγγραφε.
874 2081 953 2146 Turn
974 2083 1006 2146 in
1026 2083 1237 2165 θΦανεπθεῑπαν

226 2220 291 2264 non
314 2203 413 2285 potest
435 2198 597 2285 explicatio
617 2198 747 2264 inveniri
766 2199 919 2286 partieipii
936 2206 1100 2281 παροῦσανε
1116 2201 1233 2285 oonjeei

225 2316 388 2405 legendnm
424 2339 487 2382 esse
520 2316 697 2398 πραθεῖσαν,
739 2319 826 2402 eujus
859 2319 1012 2406 participii
1047 2319 1236 2405 significatio

227 2435 374 2500 convenit
397 2455 465 2499 oum
487 2437 709 2518 epaunenses.
743 2435 836 2500 Verbi
859 2435 947 2517 πέρθα
971 2437 1097 2502 formem
1117 2435 1236 2518 ἔπραθον

227 2555 316 2620 novit
339 2555 561 2640 unusquisque:
581 2555 717 2642 passivae
733 2553 857 2635 impetisse
876 2575 937 2620 non
957 2555 1029 2620 novi
1052 2555 1236 2643 exemplum:

226 2695 325 2760 quum
344 2674 386 2737 sit
403 2674 615 2738 convenienter
631 2674 774 2751 formato,
789 2672 857 2737 loeo
875 2673 1027 2752 sanando,
1042 2693 1130 2759 quem
1143 2695 1237 2760 paene

230 2790 420 2878 desperatum
444 2791 574 2870 dixeris,
597 2813 659 2856 esm
684 2790 940 2857 adhiberemus
964 2813 1039 2857 sum.
1085 2790 1239 2858 Scholias-

231 2915 280 2974 tue
309 2908 398 2974 verbs
428 2911 465 2981 etr
496 2909 564 2990 πρὸς
594 2910 626 2974 rt
653 2909 737 2982 ε’λπθς
760 2906 784 2972 ³¹
806 2909 953 2975 ἀπέδωκεν
975 2910 1018 2974 its
1037 2909 1236 2996 interpretor,

231 3029 377 3117 primum,
411 3032 461 3106 nt,
495 3028 615 3093 brevius
650 3029 831 3115 superiorem
865 3029 1049 3093 sententiam
1082 3034 1237 3115 repetens,

232 3148 478 3236 conjunctionem
503 3145 527 3212 δ’
550 3169 586 3212 ex
610 3147 701 3212 initio
724 3152 772 3212 νῦν
795 3144 818 3212 δ’
841 3145 913 3228 ἥπερ
935 3146 972 3210 sd
996 3146 1080 3220 ἐλπὶς
1103 3152 1234 3212 retraxe-

233 3267 289 3344 rit3
321 3273 385 3330 tum
421 3271 455 3331 ut
483 3267 515 3329 in
547 3265 705 3352 postremis
740 3266 897 3347 πραθεῖσαν
929 3265 1069 3350 ἔγγραφε
1092 3265 1238 3352 epodosin

231 3409 295 3451 esse
324 3384 457 3452 voluerit
491 3386 680 3472 superiorum
712 3390 759 3449 νῦν
789 3383 812 3448 δ’
845 3380 915 3465 ἥπερ
942 3423 981 3434 -
1005 3383 1099 3456 ἐλπὶς.
1143 3384 1239 3464 Ἥπερ

232 3504 316 3576 ἐλπὶς
347 3525 411 3568 esse
440 3504 658 3591 appositionem
682 3502 887 3589 praecedentis
913 3501 1053 3584 Ὀρέστης
1079 3503 1111 3567 in
1135 3508 1239 3588 aperto

232 3629 285 3688 est.
320 3623 483 3688 Genitivus
502 3621 655 3704 βακχείας
673 3630 767 3697 καλῆς
787 3644 848 3686 non
868 3621 979 3708 pendet
997 3621 1035 3686 eb
1054 3621 1166 3703 ἰατρὸς,
1185 3621 1237 3686 sed

233 3742 269 3807 sb
291 3741 391 3814 ἐλπὶςε
411 3764 477 3828 spes
497 3741 644 3818 loetitiae,
658 3763 737 3826 quae
749 3763 815 3827 spes
828 3738 1125 3804 medebstordomni.
1148 3739 1238 3804 illem

232 3861 378 3927 loetitism
401 3866 473 3924 sunt
495 3861 547 3946 qni
573 3859 710 3924 Electrae
732 3858 899 3944 significari
923 3863 1047 3944 putent:
1070 3858 1153 3943 qnod
1177 3881 1238 3922 non

232 3980 276 4044 in
307 3984 367 4044 est:
401 3977 536 4044 cumulet
565 3976 786 4043 simulationem
819 3977 912 4062 impie
945 3975 1069 4052 mulier,
1100 3999 1241 4064 spemque

233 4097 340 4163 domus
362 4101 392 4162 et
415 4120 497 4162 susm
522 4121 553 4162 se
576 4097 607 4161 in
632 4098 740 4162 Oreste
764 4095 930 4184 reposuisse
953 4095 1069 4160 olsmat.

281 4220 351 4283 704.
397 4213 430 4284 δ’.
477 4217 514 4282 In
536 4215 623 4282 libris
646 4215 746 4294 deest,
768 4215 821 4280 sed
848 4218 929 4280 reete
951 4215 1106 4280 insertum.
