2972 4974
337 521 402 582 loa
741 537 940 584 aunorarro.

335 744 420 787 sacra
451 721 522 787 Jovi
553 721 638 808 larga
657 722 794 800 fecisset,
815 727 919 808 postea
943 721 1101 799 defutura,
1123 721 1149 785 si
1172 722 1352 808 progeniem

333 841 377 930 pii
408 842 502 929 patria
533 841 657 928 Jupiter
683 841 836 927 perderet,
866 845 942 906 255:
966 845 996 906 et
1018 862 1089 906 vero
1113 863 1225 905 memor
1247 841 1353 905 laudis

335 966 476 1049 paternae
497 959 691 1046 ingentisque
711 959 803 1044 Troja
821 981 922 1024 eversa
940 965 1043 1045 partae
1061 957 1176 1047 gloriae
1197 981 1251 1024 nec
1271 959 1355 1024 ferre

336 1103 420 1145 snam
441 1079 574 1165 inopiam
595 1081 710 1164 potest,
730 1100 786 1142 nec
807 1077 952 1166 populum
969 1101 1057 1142 suurn
1070 1078 1181 1142 servire
1195 1077 1356 1169 indignis,

337 1221 407 1263 mox
434 1196 639 1284 quantoplus
662 1197 843 1262 fortitudine
870 1195 964 1261 valeat
987 1202 1172 1262 ostensurus.
1196 1197 1259 1262 -sic
1279 1219 1354 1261 cum

331 1316 419 1402 justo
443 1315 595 1381 vindictae
618 1313 721 1379 studio
745 1336 828 1379 amor
852 1316 966 1402 patriae
990 1315 1174 1401 conjunctus
1198 1322 1258 1380 est:
1280 1315 1356 1380 ideo
1467 1307 1468 1310 ¹

338 1458 458 1520 quoque
480 1439 515 1499 ut
538 1435 651 1521 patriae
670 1435 770 1500 redeat
790 1435 902 1499 fiducia
917 1439 1059 1522 'precatur
1080 1437 1160 1500 39⁷:
1180 1441 1210 1499 et
1230 1442 1357 1521 postea,

338 1555 374 1618 ad
398 1553 614 1641 perficiendum
634 1554 761 1640 'propius
780 1553 842 1638 jam
866 1553 1026 1632 accedens,
1048 1555 1078 1618 in
1101 1555 1180 1618 votis
1201 1554 1355 1619 iaciendis

339 1673 465 1760 patriam
490 1671 580 1736 simul
605 1694 673 1737 oum
696 1673 792 1759 patris
814 1670 933 1737 tumulo
956 1673 1096 1750 invocat,
1122 1673 1208 1736 atos
1223 1687 1259 1736 ac
1282 1677 1357 1737 tan-

342 1794 425 1871 dem,
455 1793 587 1879 perlecta
616 1812 663 1869 re,
697 1813 764 1856 eum
795 1790 912 1858 Chorus
943 1793 1057 1878 patriae
1083 1792 1275 1857 liberatorem
1300 1816 1356 1879 ap-

341 1913 451 2001 perna,
475 1915 569 1976 roae.
1161 1943 1162 1948 κ
1294 1887 1297 1894 ’

387 2033 460 2096 306.
488 2029 600 2095 'Chori
630 2034 745 2094 notam'
763 2029 798 2094 M
823 2033 860 2094 ‘et
889 2031 917 2094 G
941 2037 1000 2094 non
1024 2029 1146 2095 habent.
1175 2033 1296 2115 ·Atque
1320 2031 1356 2095 in

340 2135 406 2215 tota
429 2149 485 2214 hac
508 2153 607 2236 parte,
631 2170 707 2233 quae
725 2149 858 2234 pertinet
878 2148 915 2213 ad
933 2152 973 2214 47
978 2153 1015 2226 8,
1031 2171 1224 2235 personarum
1239 2150 1356 2216 divisio

341 2292 356 2332 e
378 2267 466 2333 libris
489 2267 719 2353 haudquaquam
744 2267 817 2331 satis
837 2272 975 2354 apparet,
992 2279 1221 2355 raro'personae
1241 2291 1357 2332 nomen

342 2389 523 2476 apponitur:
546 2385 675 2452 lineolae
698 2386 859 2471 aliquoties
882 2387 916 2452 in
940 2387 975 2451 M
999 2392 1155 2474 ponuntur
1178 2390 1214 2452 ad
1240 2387 1356 2454 distin-

343 2508 473 2572 ctionem
503 2503 751 2593 significandam,
781 2527 891 2590 eaeque
918 2507 1000 2591 ipsae
1023 2529 1109 2594 saepe
1133 2505 1355 2571 desiderantur.

342 2627 381 2692 Id
410 2627 492 2712 quod
522 2627 555 2690 in
587 2624 657 2689 aliis
685 2611 819 2710 quoque
835 2625 971 2711 partibus
990 2622 1089 2711 'hujris
1111 2625 1285 2713 tragoediae
1310 2628 1356 2691 fit.

343 2745 439 2812 Velut
460 2745 492 2810 in
518 2745 554 2810 M
575 2748 749 2812 lot-182
770 2717 897 2810 lineolae
919 2737 1050 2831 singulis
1074 2745 1208 2810 versibus
1227 2768 1357 2834 praepo-

343 2867 418 2930 sitae
449 2869 537 2931 sunt:
568 2865 599 2930 in
632 2865 661 2928 G
692 2870 722 2929 et
753 2865 887 2962 editione
914 2864 1028 2929 Aldina
1050 2864 1243 2952 personarum
1269 2867 1357 2930 vices

344 2986 489 3052 inversae.
535 2983 651 3048 Contra
673 2984 707 3048 in
730 2983 764 3048 M
789 2985 879 3048 etiarn
901 2981 1012 3048 lineola
1034 2983 1187 3075 interdurn
1211 2985 1357 3071 ponitur,

345 3102 396 3169 ubi
417 3102 501 3168 nulla
520 3103 591 3168 ferri
611 3103 771 3168 distinctio
788 3106 904 3191 potest:
926 3091 1008 3168 velut
1026 3107 1103 3181 716,
1120 3103 1173 3168 ubi
1193 3105 1357 3169 manifesto

344 3223 601 3309 Clytaemnestrae
628 3223 724 3286 oratio
755 3209 962 3287 continuatur.
1007 3221 1143 3286 Plurima
1170 3223 1217 3287 vel
1245 3225 1358 3288 confu-

344 3343 440 3407 sionis
460 3341 508 3406 vel
524 3341 747 3407 obscurationis
768 3341 903 3428 exempla
923 3343 1087 3428 comperiet
1106 3343 1148 3420 is,
1165 3343 1217 3427 qui
1231 3341 1358 3428 singula

345 3467 522 3550 persecutus
553 3461 654 3526 fuerit.
700 3459 893 3548 Quapropter
923 3459 1033 3525 editori
1064 3465 1094 3525 et
1125 3461 1231 3526 lectori
1261 3461 1358 3527 relin-

345 3582 463 3666 quitur,
486 3585 521 3644 ut
545 3580 738 3667 personarum
763 3581 842 3644 vices
866 3563 1032 3645 constituat
1051 3580 1199 3646 arbitratu
1223 3603 1286 3646 suo.

333 3755 337 3764 .
389 3698 587 3787 Stropharum
619 3701 813 3794 partitionem
841 3701 1000 3788 proposuit
1031 3699 1355 3786 Hermannusa‘quam

345 3843 406 3884 non
429 3819 545 3907 recepi,
568 3821 619 3886 sed
644 3825 744 3885 tamen
768 3843 830 3884 eam
856 3819 1004 3902 hocloco
1028 3835 1172 3908 apponam
1184 3829 1212 3904 :f

478 3940 616 4025 systema
638 3939 671 4003 I:
732 3929 734 3936 ⁴

388 4047 443 4122 sn.
475 4057 506 4121 κ’
539 4034 725 4122 'ara-aaa
750 4051 810 4123 cr:
859 4145 860 4151 .

391 4181 444 4240 str.
473 4175 506 4255 β’
549 4179 721 4241 323-331
749 4175 879 4242 Hemich
902 4177 939 4240 A.
1017 4185 1018 4188 ’

392 4267 507 4359 antal
550 4295 796 4360 332-339Et
927 4293 930 4298 “
