2956 4974
476 428 744 476 mrunruurarro
767 427 901 474 murra
1147 413 1188 472 63

591 727 780 794 Cnosos

230 965 312 1044 Jnm,
335 987 419 1032 carae
441 966 548 1032 doinus
563 964 705 1043 famulae,
720 965 842 1050 quaudo
857 964 979 1031 medem
994 966 1090 1032 robur
1106 967 1190 1032 vocis
1204 970 1268 1035 roo

193 1085 375 1150 ostendemus
408 1090 530 1171 propter
564 1085 726 1150 Orestem?
774 1085 803 1148 Ο
838 1085 1008 1150 veneranda
1039 1089 1135 1164 terre,
1162 1091 1192 1150 et

195 1203 350 1268 venerande
371 1203 488 1270 tnurule
511 1203 661 1289 sepulcri,
685 1204 737 1288 qui
761 1225 844 1268 nunc
868 1225 956 1290 super
971 1205 1099 1268 rectoris
1115 1205 1192 1292 regii

194 1342 294 1408 corpus
315 1321 413 1406 jaces,
434 1343 518 1386 nunc
540 1321 629 1399 audi,
650 1344 734 1386 nuuc
751 1321 843 1406 juva:
862 1344 944 1386 nunc
967 1323 1048 1388 enirn
1064 1324 1193 1388 maxime

194 1440 303 1525 tempus
322 1445 369 1504 est
392 1440 571 1505 descendere
595 1462 655 1504 uua
678 1462 748 1504 cum
771 1439 826 1504 illo
850 1442 1018 1526 captionem
1042 1441 1194 1520 fallacem,

65 1615 67 1652 ,
193 1555 433 1643 Mercuriumque
466 1560 616 1624 infernum
651 1564 681 1624 et
715 1563 903 1626 nocturnum
935 1561 973 1624 ad
999 1558 1072 1626 haec
1094 1561 1195 1626 venire

65 1687 67 1770 j
193 1674 309 1742 lethalia
331 1679 504 1744 certamina.

526 1913 682 1993 Nururx,
710 1913 855 1980 Ouonus.

238 2151 303 2214 Oto.
350 2150 482 2217 Videtur
512 2148 620 2238 hospes
653 2151 724 2216 mali
756 2155 862 2216 auctor
884 2173 964 2216 esse:
986 2151 1196 2236 nutricemque
1210 2159 1273 2225 730

197 2264 268 2332 hanc
288 2269 413 2333 Orestae
434 2269 521 2333 video
540 2271 670 2334 flentem.
706 2268 775 2340 Quo
790 2269 853 2353 jam
873 2267 1057 2355 ingrederis,
1073 2268 1198 2347 Cilissa,

197 2407 242 2472 per
263 2393 363 2472 portas
386 2387 527 2453 aedium?
552 2387 638 2452 dolor
659 2385 718 2452 tibi
741 2409 840 2452 comes
862 2392 909 2452 est
931 2387 1068 2453 mercede
1084 2408 1197 2452 carens.

235 2505 358 2571 Natric.
403 2506 584 2594 Aegisthum
603 2506 724 2572 domina
738 2528 828 2591 quam
848 2507 994 2572 citissime
1006 2507 1043 2572 ad
1060 2506 1195 2594 hospites

198 2627 290 2692 vocari
306 2625 410 2712 jubet,
426 2633 462 2692 ut
480 2628 581 2692 veniat
602 2633 633 2691 et
648 2627 745 2714 magis
761 2627 919 2713 perspicue
930 2627 976 2690 vir
987 2648 1005 2690 a
1015 2627 1082 2690 viro
1094 2647 1197 2692 reeens

198 2745 364 2810 nunciatam
394 2744 473 2810 hanc
501 2748 608 2811 lamam
633 2746 804 2832 comperiat.
849 2747 899 2810 Ad
924 2745 1053 2810 famulos
1075 2746 1196 2831 quidem

199 2861 272 2930 iutra
297 2869 401 2930 torvos
431 2864 537 2931 oculos
570 2866 665 2929 risum
696 2863 852 2930 occultum
876 2863 984 2928 habuit
1006 2868 1128 2950 propter
1149 2886 1199 2940 ea,

199 3001 267 3064 quae
284 2984 342 3070 ipsi
362 2982 479 3048 felicem
501 2982 612 3048 habent
632 2988 788 3060 eventum,
806 3005 909 3046 verum
927 2981 1031 3048 domui
1046 2980 1118 3048 huic
1132 3003 1198 3068 pes-
1211 2991 1275 3056 740

190 3101 266 3170 ‚time
293 3108 339 3169 est
369 3109 491 3190 propter
519 3105 644 3180 famam,
664 3125 754 3187 quam
778 3102 936 3166 manifesto
959 3099 1095 3188 hospites
1118 3123 1198 3166 nun·

200 3220 320 3288 cimuut.
364 3223 505 3287 Profecto
527 3221 580 3288 ille
604 3220 728 3288 audiens
753 3225 881 3286 mentem
905 3218 1086 3295 oblectabit,
1106 3242 1198 3305 quum

125 3389 128 3399 .
200 3361 357 3406 sermonem
381 3340 538 3406 audiverit.
577 3341 676 3405 Ome
699 3341 850 3404 miseram:
875 3342 910 3404 ut
931 3342 1046 3403 veteres
1067 3337 1202 3416 dolores,

199 3478 267 3542 quos
285 3465 406 3548 experta
426 3461 486 3538 fui,
504 3483 597 3546 quum
615 3460 666 3526 via
686 3457 857 3524 tolerabiles
869 3464 985 3536 essent,
998 3458 1031 3522 in
1043 3456 1100 3523 hac
1113 3459 1199 3522 Atrei

202 3577 282 3644 domo
310 3601 406 3646 meam
440 3579 661 3644 contristarunt
684 3579 715 3642 iu
740 3583 861 3664 pectore
886 3583 1024 3644 mentem.
1057 3577 1200 3642 Necdum

201 3699 291 3766 tamen
323 3697 385 3764 tale
412 3697 523 3762 malum
554 3696 676 3784 pertuli.
722 3697 802 3762 Nam
832 3695 949 3780 reliqua
979 3694 1102 3782 quidem
1125 3693 1202 3760 mala

201 3819 341 3902 patienter
367 3817 540 3882 exantlavi:
568 3814 622 3880 sed
641 3837 741 3882 carum
766 3816 922 3894 Orestem,
944 3816 1003 3881 mei
1031 3815 1124 3880 animi
1148 3836 1202 3880 cu-

201 3954 270 4016 ram,
292 3960 381 4024 quem
404 3938 522 4004 nutriri
546 3938 583 4002 dc
604 3944 699 4003 matre
722 3941 894 4022 acceptum,
917 3941 948 4000 et
970 3937 1202 4022 noctirsgorum
1215 3947 1277 4012 750

202 4053 325 4124 altorum
360 4057 523 4124 clamorum
558 4061 589 4123 et
622 4056 718 4122 multa
750 4061 781 4121 et
812 4055 939 4122 molesta
966 4053 1090 4120 inutilia
1113 4053 1203 4132 mihi,

203 4195 272 4258 quoe
292 4175 346 4242 illa
368 4176 562 4242 sustinebam.
607 4177 688 4242 Nam
716 4175 834 4240 ratione
859 4195 921 4240 non
944 4179 1078 4240 utentem
1102 4172 1203 4240 iut'en·
