2956 4974
347 493 389 554 92
754 507 953 554 nnrorarro

392 693 464 756 130.
509 689 627 770 χαίτην.
672 691 759 756 Libri
783 689 833 756 ent
855 690 916 764 τὴν.

391 811 463 874 180.
509 807 626 890 πατρός.
671 809 721 874 Ita
743 808 822 876 libri.
856 807 999 872 Editores
1019 806 1155 893 plerique
1173 807 1268 888 narrt.
1291 807 1346 872 sed

344 933 426 994 recte
453 926 643 993 Wellaneros
672 933 777 993 tuetur
807 926 953 993 librorum
973 927 1172 1011 scripturam,
1196 927 1345 992 conferens

344 1045 435 1134 soph.
458 1045 505 1112 El.
530 1050 572 1110 84
595 1045 704 1126 πατρὸς
723 1047 841 1127 χέοντες
858 1043 985 1124 λουτρά,
1003 1050 1034 1110 et
1055 1043 1159 1131 Eurip.
1172 1044 1272 1110 Orest.
1287 1047 1345 1108 123

345 1163 450 1230 ἅπανθ’
472 1166 614 1246 ὑπισχνοῦ
635 1163 763 1245 νερτέρων
785 1163 953 1245 δωρήματα.
990 1161 1132 1226 Ceterum
1150 1162 1271 1228 attende
1284 1183 1346 1226 ore-

345 1282 439 1348 tionie
458 1284 631 1348 varietatem
654 1289 684 1348 et
708 1284 842 1369 copiam:
867 1303 935 1346 nam
959 1302 1035 1364 quae
1058 1279 1117 1344 hoc
1142 1303 1227 1344 versu
1252 1278 1348 1367 appel-

344 1401 426 1466 letur
454 1400 570 1482 κνυρίμν
596 1401 709 1482 χαίτη,
734 1423 775 1466 vs.
800 1404 863 1466 168
889 1399 1002 1464 dicitnr
1024 1407 1145 1473 τνμνῖνς
1169 1399 1349 1480 βόστρυχος,

347 1522 409 1585 172
426 1517 502 1600 θρίξ,
524 1523 587 1585 175
600 1517 718 1599 ἔθειραν,
740 1522 801 1584 187
816 1516 987 1596 πλόκαμος,
1009 1520 1072 1580 188
1083 1515 1183 1600 φόβῃ,
1205 1521 1264 1582 197
1280 1516 1350 1582 erat-

344 1659 409 1711 κος,
433 1641 495 1702 226
514 1637 601 1718 acuet
622 1636 741 1718 τριχός,
767 1641 829 1702 227
850 1636 944 1717 nepe,
968 1639 1031 1700 230
1051 1635 1138 1713 τομή.
1171 1634 1217 1700 cf.
1231 1636 1269 1700 ad
1280 1635 1348 1716 χέρ-

343 1755 428 1833 νιβας
453 1758 523 1820 130.

390 1875 461 1938 181.
507 1867 546 1936 nd
567 1871 704 1951 desporat.
738 1871 826 1935 Libri
844 1869 1013 1950 eddctnpurn.
1044 1869 1248 1936 Mutationem
1266 1875 1351 1934 antea

345 1990 531 2074 rejiciebam:
562 2011 629 2054 nam
657 1988 820 2070 eddatxpvw
849 1988 880 2053 h.
903 1988 921 2054 l.
945 2011 1006 2054 non
1031 1989 1067 2053 ad
1091 1989 1238 2054 tristitiae
1261 1987 1350 2052 decus

350 2108 582 2196 significandum
606 2109 754 2194 pertinere
776 2108 934 2195 petebam,
956 2129 1059 2172 verum
1081 2108 1117 2172 ad
1135 2130 1196 2172 rem
1211 2107 1348 2192 lacrymis

345 2227 420 2292 bene
454 2226 592 2313 dignam,
627 2247 687 2290 non
718 2231 780 2290 tam
812 2232 934 2312 propter
960 2225 1092 2290 dolorem
1116 2247 1205 2310 quum
1230 2229 1349 2311 propter
1460 2281 1461 2296 .

345 2343 549 2412 vehementem
572 2345 664 2408 animi
688 2349 811 2408 rnotnm.
855 2345 894 2408 In
912 2350 1055 2430 sequente
1072 2366 1158 2409 versu
1177 2345 1201 2409 εἰ
1221 2366 1275 2431 pro
1295 2344 1346 2420 ἢεί
1460 2393 1461 2418 ,

344 2472 414 2552 post
436 2464 671 2550 comparativum
691 2464 824 2549 positum
848 2462 1017 2528 credebam:
1041 2463 1129 2548 cujus
1153 2469 1253 2528 tamen
1276 2485 1346 2528 cco-

346 2583 525 2649 structionis
549 2581 631 2646 eliud
655 2581 753 2646 simile
775 2581 945 2667 exemplum
968 2603 1030 2646 non
1053 2580 1257 2646 succurrebat.
1294 2581 1347 2644 Di-

345 2724 411 2767 cere
438 2700 557 2766 Oborus
587 2697 661 2763 mihi
691 2698 864 2775 videbatur,
894 2721 954 2764 non
976 2699 1032 2764 sibi
1057 2705 1243 2786 temperans,
1265 2721 1348 2785 prae-

344 2823 457 2886 sentem
488 2817 580 2884 animi
612 2823 740 2894 motum,
755 2839 940 2902 ,quamquam
962 2819 990 2882 is
1013 2841 1083 2882 cum
1107 2840 1159 2904 spe
1183 2820 1295 2905 magis,
1318 2823 1348 2881 et

345 2945 443 3004 tomen
467 2939 599 3013 ineerta,
621 2959 710 3021 quam
734 2958 803 3000 cnm
825 2936 912 3002 luctu
932 2937 1114 3020 conjunctus
1132 2958 1196 3001 esse
1216 2935 1352 3015 deberet,

344 3079 405 3123 non
435 3057 579 3120 minorem
603 3077 776 3139 essequam
807 3055 834 3118 si
856 3058 980 3120 mortem
1006 3054 1131 3119 Orestae
1154 3055 1350 3141 comperiret:

343 3175 464 3242 Electra
495 3197 580 3252 vero,
611 3194 789 3258 quamquem
817 3178 847 3238 et
876 3173 941 3260 ipsa
974 3171 1162 3238 vehementer
1181 3177 1353 3249 commota,

343 3299 442 3360 tamen
472 3292 702 3380 temperantiore
730 3293 866 3356 oratione
893 3313 961 3356 mox
987 3292 1049 3369 uti,
1073 3313 1129 3356 nec
1151 3291 1241 3356 talem
1266 3290 1352 3355 adhi-

344 3413 412 3480 bere
429 3412 687 3499 comparationem.
722 3409 911 3495 Quamquam
933 3408 1052 3474 Chorus
1073 3411 1211 3474 Orestem
1224 3410 1353 3488 amabat,
1378 3402 1382 3412 '

343 3539 444 3598 tamen
466 3529 637 3618 intelligere
659 3529 767 3604 licere,
789 3529 880 3593 alium
901 3528 1049 3612 quendem
1070 3549 1134 3593 esse
1155 3529 1268 3594 sororis
1289 3529 1354 3594 eni·

345 3674 436 3716 mum.
472 3651 585 3714 Temen
608 3647 645 3712 ab
668 3646 724 3712 hac
743 3646 944 3733 explicatione
963 3648 1087 3726 recessi,
1105 3653 1135 3711 et
1153 3647 1261 3712 melius
1281 3647 1354 3712 mibi

343 3769 465 3836 videtur
496 3767 681 3834 Klausenius
716 3765 817 3830 locum
854 3765 1054 3844 intellexisse,
1084 3765 1143 3830 hoc
1163 3766 1269 3832 modo:
1292 3787 1353 3830 non

345 3889 444 3954 minus
472 3885 544 3951 baec
573 3884 648 3950 mihi
671 3885 770 3950 tristia
794 3889 867 3949 sunt
891 3907 980 3969 quem
1003 3903 1036 3948 ea
1059 3893 1245 3968 quaeantea
1268 3884 1353 3972 luge-

343 4008 425 4073 bam:
449 4009 475 4070 si
499 4027 604 4090 nempe
626 4004 764 4081 Orestes,
787 4003 887 4068 missis
909 4003 957 4067 his
977 4002 1131 4080 crinibus,
1147 4025 1178 4068 se
1197 4003 1234 4068 de
1253 4002 1352 4069 reditu

345 4127 499 4212 desperare
520 4124 670 4189 ostendit:
693 4147 760 4188 narn
786 4124 845 4187 nisi
869 4122 1053 4208 desperaret,
1072 4119 1268 4186 donationem
1288 4145 1349 4187 eam

345 4246 381 4314 ad
416 4246 577 4311 adrentum
612 4265 700 4308 suum
736 4241 912 4308 distulisset.
956 4241 1077 4306 Etenim
1103 4240 1193 4304 etiam
1217 4241 1351 4319 Electra,
