2974 4982
535 535 735 581 susorsrro.
1092 521 1133 581 85

133 719 166 784 Il.
189 722 217 786 A
242 723 306 786 314
328 722 368 793 εἰς
390 719 454 785 ἅλα
475 716 588 798 λύματ’
611 716 748 796 ἔβαλλον.
793 715 964 782 Scholiasta
987 719 1025 784 ad
1050 718 1132 783 hunc

110 839 273 925 'Aeschyli
302 840 402 904 locum
433 839 525 915 dicit,
556 859 666 902 morem
700 838 794 901 luisse
816 835 1072 916 Atheniensibus,
1097 841 1132 902 ut

134 981 213 1035 vasa,
243 958 353 1044 quibus
384 960 416 1022 in
440 957 546 1023 domus
570 955 750 1020 lustratione
773 956 820 1020 usi
843 962 959 1035 essent,
983 960 1132 1042 retrogra-

136 1077 245 1142 dientes
267 1079 300 1142 in
324 1077 414 1142 trivia
437 1077 631 1161 conjicerent.

174 1200 246 1262 103.
293 1201 425 1283 Apparet
447 1197 479 1259 iu
502 1194 559 1259 hoc
584 1217 720 1259 sermone
738 1193 874 1258 Electrae
895 1194 1021 1256 animus.
1053 1193 1133 1258 Nam

136 1318 226 1382 amica
246 1317 382 1394 damulis,
406 1316 605 1380 communiter
623 1313 733 1379 scelera
753 1319 784 1377 et
803 1313 1000 1377 domesticam
1019 1317 1131 1400 pestem

137 1436 244 1514 erosis,
270 1434 308 1500 ab
337 1435 457 1500 illarum
485 1456 584 1499 amore
611 1433 669 1497 sibi
694 1432 815 1496 consilii
839 1432 923 1517 inopi
949 1437 984 1495 ot
1007 1454 1132 1496 succur-

136 1559 213 1620 ratur
234 1558 364 1641 exoptat.
409 1553 466 1618 Est
484 1553 557 1618 haec
576 1575 674 1617 amore
692 1551 782 1638 digna
803 1550 953 1615 dubitatio
973 1549 1134 1637 puellaris,

136 1680 163 1736 et
189 1674 338 1760 imperitia
365 1695 463 1739 rerum
495 1672 584 1736 aetati
616 1676 646 1735 ct
666 1670 773 1756 pudori
798 1669 988 1733 conveniens.
1035 1670 1131 1753 Atqui

137 1791 228 1856 cadem
253 1815 315 1856 non
338 1793 436 1856 omnis
459 1791 503 1856 rei
527 1789 665 1876 imperita
688 1793 748 1866 est,
771 1809 873 1852 verum
894 1789 985 1852 etiam
1001 1788 1133 1851 seniores

137 1908 225 1974 docet.
270 1909 392 1996 Quippe
411 1910 473 1994 jam
497 1911 529 1973 in
552 1909 652 1995 regiae
674 1908 803 1993 virginis
827 1907 927 1970 animo
950 1907 1048 1970 tristis
1068 1928 1134 1970 sors

137 2028 319 2094 fortitudinis
343 2035 373 2094 et
393 2029 555 2116 sapientiae
577 2029 708 2092 fructum
734 2027 861 2112 peperit,
884 2030 919 2090 ut
941 2027 1021 2090 vitae
1039 2026 1133 2112 fragi-

136 2146 242 2212 litatem
273 2151 304 2212 et
332 2170 518 2212 communem
551 2147 669 2211 cunctis
697 2147 813 2210 exitum
835 2145 1019 2223 meminerit,
1041 2167 1133 2229 eaque

138 2269 313 2353 cogitatione
334 2266 366 2330 in
390 2267 473 2330 omni
496 2266 625 2330 consilio
648 2264 721 2350 pelli
744 2265 889 2328 timorem.
924 2263 993 2328 Hac
1015 2265 1132 2328 ratione

138 2384 262 2450 Chorum
280 2386 317 2449 ad
334 2385 427 2450 libere
445 2384 576 2449 dandum
601 2383 760 2449 consilium
778 2383 900 2446 incitat:
919 2384 972 2466 qui
993 2381 1133 2466 quidem,

138 2507 170 2566 ut
192 2503 320 2568 vidimus
340 2504 400 2589 jam
426 2507 484 2579 78,
505 2503 606 2567 servili
630 2524 750 2588 pressus
768 2501 859 2588 jugo,
882 2523 943 2564 non
967 2501 1133 2565 sententiae

138 2625 246 2686 tanturn
266 2624 478 2687 verumetiam
498 2621 632 2707 querelae
643 2620 812 2686 libertatem
825 2597 970 2684 amiserat.
994 2619 1134 2684 Electrae

138 2741 249 2823 quidem
273 2742 392 2806 exstitit
413 2739 497 2806 uallet
520 2740 625 2819 μάθος,
653 2745 688 2804 ut
712 2741 789 2804 dicit
809 2741 917 2817 Poeta,
940 2742 1132 2826 Agamltt.

139 2858 201 2921 Nec
226 2860 336 2924 frustra
362 2861 426 2944 ejus
452 2860 548 2923 oratio
575 2859 650 2923 fuit:
674 2881 770 2943 neque
793 2860 872 2922 enim
895 2858 980 2922 inani
1003 2857 1132 2922 formula

140 2973 248 3042 Chorus
269 2979 384 3056 utitor,
402 2978 510 3062 jurans
531 2978 564 3040 iu
588 2978 822 3062 Agamemnonis
840 2976 960 3040 tumulo
981 2984 1132 3060 tamquam

139 3094 170 3156 in
190 3117 244 3160 ara.

182 3215 247 3277 105.
292 3213 379 3295 ἔχοις.
423 3213 488 3279 Alii
512 3213 548 3278 de
572 3213 746 3298 conjectura
768 3212 857 3294 ἔχεις.

183 3334 247 3396 109.
292 3333 395 3413 σεμνὰ.
440 3335 512 3398 Nou
544 3331 626 3397 acad
652 3333 729 3397 dicit
755 3331 802 3396 vel
825 3333 946 3409 εὐμενῆ,
969 3329 1021 3394 scd
1046 3353 1133 3396 voca-

141 3447 206 3512 bulo
230 3453 341 3529 utitur,
365 3453 503 3539 pietatem
524 3452 621 3538 magis
644 3451 793 3537 precantis
812 3471 899 3534 quam
918 3449 1048 3534 aliquem
1066 3450 1134 3514 feli·

141 3565 234 3634 citatis
262 3577 402 3636 eventum
432 3572 631 3658 significante.
678 3571 749 3634 Piae
771 3589 888 3656 preces,
912 3573 946 3632 ut
969 3573 999 3632 te
1021 3569 1058 3632 ad
1082 3591 1134 3654 pa-

140 3688 208 3749 trem
234 3689 334 3766 decet,
368 3690 466 3768 dicas,
503 3710 579 3773 quae
613 3711 666 3774 pro
701 3687 770 3753 illis
793 3689 871 3766 sint,
901 3688 954 3772 qui
977 3689 1055 3773 patri
1078 3691 1133 3750 tuo

142 3805 221 3869 amici
243 3813 323 3873 sunt.

185 3926 249 3992 112.
293 3931 325 4005 γ’
347 3922 399 4009 ἄρ’.
446 3927 484 3990 Iu
508 3925 594 3990 libris
616 3927 643 3990 τ’
666 3923 721 4006 ἄρ’.

184 4045 249 4112 115.
294 4033 346 4113 asi.
382 4047 434 4111 Sic
457 4047 494 4110 G.
527 4045 565 4108 ln
590 4043 781 4122 Maei‚ut
802 4047 871 4106 aute
889 4063 1020 4106 rasuram
1038 4039 1087 4105 acl
1110 4042 1134 4105 si

143 4159 226 4227 fuisse
247 4167 329 4230 dicat
353 4166 553 4230 Hermanuus.
587 4164 736 4228 (lauterna
759 4161 819 4227 acl.

185 4283 250 4351 117.
296 4286 457 4372 Oonjungo
494 4291 544 4351 τοῦ
572 4284 658 4368 Φόνου
690 4306 758 4348 cum
788 4280 968 4360 μεμνημένη.
1015 4280 1137 4348 Poterat
