3030 4978
412 479 678 528 rurarrnrrrrro
707 482 841 530 narrar.
1088 465 1128 526 51

161 663 208 726 rr.
254 664 295 728 ut
316 683 405 748 quem
428 663 510 728 nosti
532 685 549 728 a
571 685 619 728 me
643 665 742 730 vocari
765 663 961 730 mortalium?

164 782 208 845 Or.
255 781 338 846 Novi
360 785 391 846 te
414 782 553 848 Orestem
577 783 676 848 colere
698 784 841 870 impense.

161 900 208 964 llll.
256 899 297 964 Et
321 901 434 986 quain
457 923 489 966 re
511 902 609 988 igitur
633 903 696 968 voti
721 923 844 988 compca
867 903 930 968 fio?

164 1020 208 1082 Or.
255 1019 314 1084 Ille
337 1041 393 1107 ego
415 1042 497 1086 rum:
522 1021 585 1085 noli
609 1043 750 1106 quaerere
770 1021 940 1086 amiciorem
960 1042 1048 1106 quam
1068 1041 1123 1085 me.

163 1139 209 1204 dl.
255 1140 339 1204 Num
364 1161 433 1204 vero
456 1138 526 1207 dolo
549 1140 665 1226 aliquo,
688 1163 706 1205 o
729 1138 855 1226 hospes,
878 1162 925 1205 me
949 1140 1071 1205 irretisi'
1136 1143 1199 1206 220

165 1260 208 1334 Or.
254 1258 336 1345 Ergo
354 1259 416 1344 jam
441 1258 595 1346 mihiipsi
620 1260 747 1326 insidias
770 1261 859 1324 facio.

162 1378 209 1443 rr.
256 1379 341 1444 Num
364 1401 434 1444 vero
457 1380 489 1472 in
513 1380 586 1443 meis
610 1380 697 1444 malis
721 1379 818 1444 ridere
840 1379 950 1464 cupis?

167 1499 211 1562 Or.
256 1498 324 1562 Jam
348 1498 438 1563 etiam
463 1499 493 1562 in
518 1499 608 1574 meis,
632 1500 658 1564 si
681 1499 804 1584 quidem
825 1499 858 1562 in
881 1497 953 1562 tuis.

165 1616 213 1679 Ill.
257 1620 307 1682 An
332 1622 367 1682 ut
391 1617 528 1682 Orestem
552 1616 608 1682 hac
630 1622 662 1682 te
684 1637 757 1682 voce
778 1615 921 1703 appello?
963 1668 969 1677 ,

168 1735 213 1800 Or.
258 1736 364 1821 Ipsum
395 1757 442 1798 me
470 1735 592 1820 quidem
621 1735 727 1800 videns
758 1733 922 1800 difficulter
945 1731 1125 1818 cognoscis:

132 1873 211 1934 quum
241 1875 312 1918 vero
344 1854 513 1940 adspiceres
537 1876 638 1918 caesos
662 1851 717 1918 hos
742 1854 840 1918 crines
864 1850 1060 1938 sepulcrales,
1083 1850 1128 1915 ef·

132 1970 258 2037 ferebaris
289 1978 320 2038 et
349 1993 396 2038 me
425 1973 526 2038 videre
553 1971 719 2050 videbaris,
741 1993 894 2057 quumque
919 1971 1047 2057 vestigia
1069 1970 1127 2034 mei

132 2089 256 2157 incessus
290 2090 444 2158 lustrares.
490 2093 550 2158 Tui
584 2093 687 2157 fratris
720 2091 924 2156 consimilium
956 2094 1011 2155 tuo
1035 2089 1128 2176 capiti

133 2208 240 2296 adspice
263 2210 441 2276 cincinnum
461 2211 608 2288 crinium,
628 2211 723 2276 caesis
739 2231 923 2296 comparans.
954 2209 996 2272 Et
1008 2208 1129 2294 adspice
1142 2220 1204 2282 230

133 2325 182 2393 hoc
200 2330 319 2405 textile,
338 2335 409 2396 tuae
427 2353 502 2417 opus
520 2353 643 2408 manus,
660 2337 691 2394 et
711 2331 862 2417 virgarum
884 2327 1000 2415 plagas,
1012 2331 1042 2392 et
1053 2348 1129 2411 quas

134 2448 261 2514 indidisti
283 2450 447 2516 bestiarum
471 2451 625 2538 imagines.
661 2451 806 2535 Tempera
828 2447 904 2526 tibi,
923 2469 998 2512 neve
1017 2445 1130 2533 gaudio

134 2572 221 2634 mente
240 2567 431 2655 percellaris:
452 2592 520 2633 nam
541 2568 711 2634 carissimos
729 2567 802 2632 novi
818 2567 907 2632 nobis
919 2589 983 2632 csse
994 2565 1131 2630 infestos.

172 2687 219 2750 Ill.
265 2688 294 2751 0
325 2687 503 2764 carissime,·
516 2709 606 2772 quem
628 2686 724 2773 patris
745 2686 852 2753 domus
875 2685 1075 2762 desideravit,
1097 2685 1132 2748 in

135 2825 186 2886 quo
207 2828 274 2871 cum
301 2806 443 2890 lacrymis
466 2806 574 2871 salutis
598 2829 678 2892 spem
703 2807 876 2892 posuimus,
899 2806 1014 2870 virtute
1035 2803 1132 2868 fideus

136 2921 243 2990 domum
266 2927 361 3012 patris
384 2925 581 3012 recuperabis.
628 2926 657 2989 Ο
680 2924 780 2990 dulcis
802 2923 907 3003 ocule,
930 2925 983 3008 qui
1003 2926 1133 3008 quatuor

38 3093 39 3096 η
135 3041 202 3107 mihi
230 3049 330 3130 partes
356 3043 483 3130 imples:
515 3043 691 3130 compellare
719 3048 752 3108 te
773 3043 941 3108 necessario
965 3040 1058 3107 debeo
1081 3063 1134 3128 pa-

135 3165 219 3241 trem,
250 3168 280 3229 et
314 3164 419 3228 matris
453 3163 486 3228 in
509 3168 540 3227 te
563 3161 639 3228 mihi
665 3163 764 3249 vergit
788 3163 916 3228 caritas:
940 3161 994 3225 illa
1016 3181 1133 3226 summo
1147 3163 1210 3224 240

133 3278 193 3361 jure
214 3281 309 3346 invisa
333 3285 394 3346 est:
418 3286 448 3345 et
470 3280 641 3346 immolatae
661 3280 824 3346 crudeliter
837 3280 949 3345 sororis
963 3299 1134 3366 germanae:

137 3397 262 3484 fidusque
283 3398 359 3464 mihi
383 3401 474 3465 frater
497 3423 560 3466 eras
583 3407 614 3466 et
636 3400 831 3465 venerandus.
867 3399 1000 3464 Tantum
1027 3395 1135 3462 Robur

138 3518 163 3578 al
183 3515 237 3582 Jus
259 3541 329 3584 oum
351 3519 443 3584 tertio
466 3541 583 3584 summo
605 3520 741 3584 omnium
763 3519 840 3584 Jove
862 3515 937 3581 mihi
960 3516 1071 3580 adsint.

179 3635 225 3700 Or.
266 3637 405 3724 Jupiter,
433 3637 571 3724 Jupiter,
605 3637 726 3724 adspice
756 3635 849 3700 baec:
876 3635 998 3721 adspice
1020 3632 1134 3720 prolem

38 3759 39 3762 ’
139 3751 230 3818 orbam
259 3760 344 3842 patre
375 3755 491 3840 aquila,
521 3761 641 3821 mortuo
673 3757 704 3820 in
732 3754 848 3822 retibus
872 3759 903 3819 et
926 3753 1042 3838 laqueis
1065 3750 1136 3816 hor·

38 3887 39 3908 ¹
139 3870 237 3935 rendae
271 3875 396 3960 viperae.
443 3874 510 3940 Hos
534 3874 623 3939 orbos
641 3874 745 3960 jejuna
770 3874 877 3960 premit
900 3875 1012 3937 fames:
1041 3893 1136 3956 neque
1150 3873 1213 3938 250

140 3990 212 4052 enim
239 3992 292 4056 illa
321 3993 420 4080 proles
451 3995 525 4058 salis
548 3994 674 4060 robusta
692 3999 739 4059 est
761 3997 797 4057 ut
819 3996 974 4078 paternam
998 3991 1137 4077 praedam

141 4109 235 4172 afferat
262 4111 404 4176 tentorio.
449 4114 501 4178 sic
531 4111 588 4177 tibi
620 4135 667 4178 me
694 4116 724 4177 et
751 4110 846 4189 hanc,
878 4109 1032 4176 Electram
1056 4110 1139 4189 dico,

142 4225 232 4292 videre
257 4227 345 4309 licet,
375 4230 509 4296 orbatam
538 4238 623 4319 patre
649 4231 778 4318 prolem,
803 4229 890 4296 ambo
912 4230 1026 4318 pariter
1050 4229 1140 4296 domo

977 4347 1020 4406 4*
