<?xml version="1.0" encoding="UTF-8"?>
<!DOCTYPE html PUBLIC "-//W3C//DTD XHTML 1.0 Transitional//EN"
    "http://www.w3.org/TR/xhtml1/DTD/xhtml1-transitional.dtd">
<html xmlns="http://www.w3.org/1999/xhtml" xml:lang="en" lang="en">
 <head>
  <title>
</title>
<meta http-equiv="Content-Type" content="text/html;charset=utf-8" />
  <meta name='ocr-system' content='tesseract 3.04.00' />
  <meta name='ocr-capabilities' content='ocr_page ocr_carea ocr_par ocr_line ocrx_word'/>
</head>
<body>
  <div class='ocr_page' id='page_1' title='image "aeschylichoepho00jonggoog_0135.png"; bbox 0 0 2972 4974; ppageno 0'>
   <div class='ocr_carea' id='block_1_1' title="bbox 607 417 1213 478">
    <p class='ocr_par' dir='ltr' id='par_1_1' title="bbox 607 417 1213 478">
     <span class='ocr_line' id='line_1_1' title="bbox 607 417 1213 478; baseline 0 0"><span class='ocrx_word' id='word_1_1' title='bbox 607 432 809 478; x_wconf 73' lang='lat' dir='ltr'><strong>annorsrro.</strong></span> <span class='ocrx_word' id='word_1_2' title='bbox 1150 417 1213 478; x_wconf 81' lang='lat'><strong>123</strong></span> 
     </span>
    </p>
   </div>
   <div class='ocr_carea' id='block_1_2' title="bbox 198 613 1216 1886">
    <p class='ocr_par' dir='ltr' id='par_1_2' title="bbox 198 613 1215 928">
     <span class='ocr_line' id='line_1_2' title="bbox 200 613 1214 702; baseline -0.001 -22"><span class='ocrx_word' id='word_1_3' title='bbox 200 615 272 680; x_wconf 91' lang='lat' dir='ltr'><strong>nolo</strong></span> <span class='ocrx_word' id='word_1_4' title='bbox 307 614 411 693; x_wconf 86' lang='lat' dir='ltr'><strong>silere,</strong></span> <span class='ocrx_word' id='word_1_5' title='bbox 445 637 523 700; x_wconf 89' lang='lat' dir='ltr'><strong>quae</strong></span> <span class='ocrx_word' id='word_1_6' title='bbox 557 615 721 699; x_wconf 89' lang='lat' dir='ltr'><strong>aliquando</strong></span> <span class='ocrx_word' id='word_1_7' title='bbox 756 615 960 702; x_wconf 77' lang='lat' dir='ltr'><strong>conjeceram:</strong></span> <span class='ocrx_word' id='word_1_8' title='bbox 998 615 1029 680; x_wconf 78' lang='grc' dir='ltr'><strong>δέ</strong></span> <span class='ocrx_word' id='word_1_9' title='bbox 1063 613 1110 693; x_wconf 75' lang='grc' dir='ltr'><strong>γ’,</strong></span> <span class='ocrx_word' id='word_1_10' title='bbox 1145 614 1214 682; x_wconf 81' lang='grc' dir='ltr'><strong><em>ἴστω</em></strong></span> 
     </span>
     <span class='ocr_line' id='line_1_3' title="bbox 199 733 1215 821; baseline 0 -21"><span class='ocrx_word' id='word_1_11' title='bbox 199 733 225 800; x_wconf 77' lang='grc' dir='ltr'><strong>δ’</strong></span> <span class='ocrx_word' id='word_1_12' title='bbox 244 733 364 812; x_wconf 72' lang='grc' dir='ltr'><strong>Ἅιδης,</strong></span> <span class='ocrx_word' id='word_1_13' title='bbox 388 733 499 800; x_wconf 86' lang='grc'>6611116</span> <span class='ocrx_word' id='word_1_14' title='bbox 530 734 694 821; x_wconf 84' lang='lat' dir='ltr'>Euripide,</span> <span class='ocrx_word' id='word_1_15' title='bbox 724 735 792 802; x_wconf 86' lang='lat' dir='ltr'><strong>Alc.</strong></span> <span class='ocrx_word' id='word_1_16' title='bbox 823 739 905 812; x_wconf 80' lang='grc'><strong>452,</strong></span> <span class='ocrx_word' id='word_1_17' title='bbox 936 733 1215 812; x_wconf 73' lang='grc' dir='ltr'>16111ν’ὥςτις</span> 
     </span>
     <span class='ocr_line' id='line_1_4' title="bbox 198 851 328 928; baseline 0.023 -11"><span class='ocrx_word' id='word_1_18' title='bbox 198 851 328 928; x_wconf 69' lang='grc' dir='ltr'><em>ἀναιδής.</em></span> 
     </span>
    </p>

    <p class='ocr_par' dir='ltr' id='par_1_3' title="bbox 198 967 1216 1530">
     <span class='ocr_line' id='line_1_5' title="bbox 245 967 1213 1054; baseline 0.003 -21"><span class='ocrx_word' id='word_1_19' title='bbox 245 972 320 1034; x_wconf 89' lang='grc'><strong>440.</strong></span> <span class='ocrx_word' id='word_1_20' title='bbox 365 967 447 1054; x_wconf 72' lang='grc' dir='ltr'><em>ᾇπερ.</em></span> <span class='ocrx_word' id='word_1_21' title='bbox 493 969 580 1036; x_wconf 86' lang='lat' dir='ltr'>Libri</span> <span class='ocrx_word' id='word_1_22' title='bbox 608 969 693 1052; x_wconf 75' lang='grc' dir='ltr'><strong><em>ἅπερ.</em></strong></span> <span class='ocrx_word' id='word_1_23' title='bbox 738 970 908 1036; x_wconf 85' lang='lat' dir='ltr'><strong>Ahrensius</strong></span> <span class='ocrx_word' id='word_1_24' title='bbox 940 972 1048 1036; x_wconf 90' lang='lat' dir='ltr'><strong>vertit:</strong></span> <span class='ocrx_word' id='word_1_25' title='bbox 1080 975 1116 1036; x_wconf 90' lang='lat' dir='ltr'><strong>ut</strong></span> <span class='ocrx_word' id='word_1_26' title='bbox 1146 993 1213 1036; x_wconf 89' lang='lat' dir='ltr'><strong>eum</strong></span> 
     </span>
     <span class='ocr_line' id='line_1_6' title="bbox 198 1087 1215 1174; baseline 0 -20"><span class='ocrx_word' id='word_1_27' title='bbox 198 1089 362 1154; x_wconf 84' lang='lat' dir='ltr'><strong>tractavit:</strong></span> <span class='ocrx_word' id='word_1_28' title='bbox 393 1111 495 1155; x_wconf 88' lang='lat' dir='ltr'><strong>verum</strong></span> <span class='ocrx_word' id='word_1_29' title='bbox 529 1087 668 1169; x_wconf 73' lang='grc' dir='ltr'><em>νιρνὶττειν</em></span> <span class='ocrx_word' id='word_1_30' title='bbox 697 1112 759 1156; x_wconf 91' lang='lat' dir='ltr'><strong>non</strong></span> <span class='ocrx_word' id='word_1_31' title='bbox 791 1091 850 1167; x_wconf 87' lang='lat' dir='ltr'><strong>ita,</strong></span> <span class='ocrx_word' id='word_1_32' title='bbox 868 1095 1017 1174; x_wconf 88' lang='lat' dir='ltr'><strong>quantum</strong></span> <span class='ocrx_word' id='word_1_33' title='bbox 1041 1091 1121 1168; x_wconf 90' lang='lat' dir='ltr'><strong>seio,</strong></span> <span class='ocrx_word' id='word_1_34' title='bbox 1144 1112 1215 1155; x_wconf 88' lang='lat' dir='ltr'><strong>curo</strong></span> 
     </span>
     <span class='ocr_line' id='line_1_7' title="bbox 198 1206 1214 1294; baseline 0.004 -24"><span class='ocrx_word' id='word_1_35' title='bbox 198 1207 374 1272; x_wconf 85' lang='lat' dir='ltr'><strong>accusativo</strong></span> <span class='ocrx_word' id='word_1_36' title='bbox 407 1208 551 1294; x_wconf 87' lang='lat' dir='ltr'><strong>ponitur,</strong></span> <span class='ocrx_word' id='word_1_37' title='bbox 584 1206 724 1289; x_wconf 63' lang='lat' dir='ltr'><strong>neeman</strong></span> <span class='ocrx_word' id='word_1_38' title='bbox 758 1209 825 1274; x_wconf 77' lang='grc' dir='ltr'><em>τινιὶ</em></span> <span class='ocrx_word' id='word_1_39' title='bbox 855 1213 951 1284; x_wconf 70' lang='grc' dir='ltr'><strong><em>κακῶς</em></strong></span> <span class='ocrx_word' id='word_1_40' title='bbox 986 1209 1032 1274; x_wconf 90' lang='lat' dir='ltr'><strong>vel</strong></span> <span class='ocrx_word' id='word_1_41' title='bbox 1063 1209 1214 1274; x_wconf 81' lang='lat' dir='ltr'><strong>similiter.</strong></span> 
     </span>
     <span class='ocr_line' id='line_1_8' title="bbox 201 1325 1216 1415; baseline 0 -25"><span class='ocrx_word' id='word_1_42' title='bbox 201 1325 324 1390; x_wconf 85' lang='lat' dir='ltr'><strong>Habere</strong></span> <span class='ocrx_word' id='word_1_43' title='bbox 358 1325 481 1392; x_wconf 86' lang='lat' dir='ltr'><strong>ridetur</strong></span> <span class='ocrx_word' id='word_1_44' title='bbox 512 1327 713 1405; x_wconf 86' lang='lat' dir='ltr'><strong>conficiendi,</strong></span> <span class='ocrx_word' id='word_1_45' title='bbox 750 1327 912 1392; x_wconf 88' lang='lat' dir='ltr'><strong>occidendi</strong></span> <span class='ocrx_word' id='word_1_46' title='bbox 946 1327 1216 1415; x_wconf 81' lang='lat' dir='ltr'><strong>significationem,</strong></span> 
     </span>
     <span class='ocr_line' id='line_1_9' title="bbox 198 1445 571 1530; baseline -0.005 -20"><span class='ocrx_word' id='word_1_47' title='bbox 198 1445 353 1530; x_wconf 89' lang='lat' dir='ltr'><strong>quomodo</strong></span> <span class='ocrx_word' id='word_1_48' title='bbox 378 1449 441 1510; x_wconf 84' lang='lat'><strong>875</strong></span> <span class='ocrx_word' id='word_1_49' title='bbox 465 1451 571 1509; x_wconf 76' lang='grc' dir='ltr'><em>τελεῖν.</em></span> 
     </span>
    </p>

    <p class='ocr_par' dir='ltr' id='par_1_4' title="bbox 200 1561 1216 1886">
     <span class='ocr_line' id='line_1_10' title="bbox 246 1561 1216 1648; baseline -0.001 -20"><span class='ocrx_word' id='word_1_50' title='bbox 246 1567 320 1628; x_wconf 85' lang='grc'>441.</span> <span class='ocrx_word' id='word_1_51' title='bbox 364 1561 474 1630; x_wconf 74' lang='grc' dir='ltr'><em>κτίσιν.</em></span> <span class='ocrx_word' id='word_1_52' title='bbox 520 1563 753 1630; x_wconf 87' lang='lat' dir='ltr'><strong>Cornmeudevit</strong></span> <span class='ocrx_word' id='word_1_53' title='bbox 774 1563 944 1648; x_wconf 81' lang='lat' dir='ltr'><strong>Stanlejus:</strong></span> <span class='ocrx_word' id='word_1_54' title='bbox 964 1563 1216 1629; x_wconf 73' lang='lat' dir='ltr'><strong>ureiuuthrG:</strong></span> 
     </span>
     <span class='ocr_line' id='line_1_11' title="bbox 200 1680 1215 1767; baseline -0.002 -19"><span class='ocrx_word' id='word_1_55' title='bbox 200 1680 400 1748; x_wconf 82' lang='lat' dir='ltr'><strong>Robortcllus</strong></span> <span class='ocrx_word' id='word_1_56' title='bbox 429 1683 535 1760; x_wconf 76' lang='grc' dir='ltr'><em>θεῖνιιι,</em></span> <span class='ocrx_word' id='word_1_57' title='bbox 565 1684 670 1748; x_wconf 89' lang='lat' dir='ltr'><strong>nescio</strong></span> <span class='ocrx_word' id='word_1_58' title='bbox 699 1706 736 1746; x_wconf 92' lang='lat' dir='ltr'><strong>an</strong></span> <span class='ocrx_word' id='word_1_59' title='bbox 765 1707 781 1748; x_wconf 91' lang='lat' dir='ltr'><strong>e</strong></span> <span class='ocrx_word' id='word_1_60' title='bbox 812 1683 917 1748; x_wconf 90' lang='lat' dir='ltr'><strong>codice</strong></span> <span class='ocrx_word' id='word_1_61' title='bbox 940 1705 1004 1748; x_wconf 89' lang='lat' dir='ltr'><strong>suo.</strong></span> <span class='ocrx_word' id='word_1_62' title='bbox 1039 1682 1215 1767; x_wconf 80' lang='lat' dir='ltr'><strong>Aliquando</strong></span> 
     </span>
     <span class='ocr_line' id='line_1_12' title="bbox 200 1796 1216 1886; baseline -0.002 -20"><span class='ocrx_word' id='word_1_63' title='bbox 200 1801 318 1886; x_wconf 88' lang='lat' dir='ltr'><strong>conjeci</strong></span> <span class='ocrx_word' id='word_1_64' title='bbox 341 1799 425 1882; x_wconf 68' lang='grc' dir='ltr'><em>μόρον</em></span> <span class='ocrx_word' id='word_1_65' title='bbox 447 1804 475 1867; x_wconf 87' lang='grc' dir='ltr'><strong>τ’</strong></span> <span class='ocrx_word' id='word_1_66' title='bbox 497 1796 579 1867; x_wconf 83' lang='grc' dir='ltr'><em>εἶνιιι.</em></span> <span class='ocrx_word' id='word_1_67' title='bbox 623 1801 739 1866; x_wconf 88' lang='lat' dir='ltr'><strong>Verum</strong></span> <span class='ocrx_word' id='word_1_68' title='bbox 760 1801 859 1867; x_wconf 78' lang='grc' dir='ltr'><em>κτίσιν</em></span> <span class='ocrx_word' id='word_1_69' title='bbox 882 1806 979 1866; x_wconf 90' lang='lat' dir='ltr'><strong>metro</strong></span> <span class='ocrx_word' id='word_1_70' title='bbox 1006 1800 1129 1866; x_wconf 85' lang='lat' dir='ltr'><strong>videtur</strong></span> <span class='ocrx_word' id='word_1_71' title='bbox 1154 1823 1216 1866; x_wconf 88' lang='lat' dir='ltr'><strong>ma·</strong></span> 
     </span>
    </p>
   </div>
   <div class='ocr_carea' id='block_1_3' title="bbox 199 1918 1217 2010">
    <p class='ocr_par' dir='ltr' id='par_1_5' title="bbox 199 1918 1217 2010">
     <span class='ocr_line' id='line_1_13' title="bbox 199 1918 1217 2010; baseline 0.004 -26"><span class='ocrx_word' id='word_1_72' title='bbox 199 1921 250 2010; x_wconf 81' lang='lat' dir='ltr'><strong>gis</strong></span> <span class='ocrx_word' id='word_1_73' title='bbox 273 1921 450 1998; x_wconf 87' lang='lat' dir='ltr'><strong>convenire,</strong></span> <span class='ocrx_word' id='word_1_74' title='bbox 469 1925 500 1986; x_wconf 89' lang='lat' dir='ltr'><strong>et</strong></span> <span class='ocrx_word' id='word_1_75' title='bbox 523 1921 696 1985; x_wconf 88' lang='lat' dir='ltr'><strong>confirmari</strong></span> <span class='ocrx_word' id='word_1_76' title='bbox 719 1921 879 2007; x_wconf 82' lang='lat' dir='ltr'><strong>exemplis,</strong></span> <span class='ocrx_word' id='word_1_77' title='bbox 902 1921 985 1986; x_wconf 89' lang='lat' dir='ltr'><strong>Pers.</strong></span> <span class='ocrx_word' id='word_1_78' title='bbox 1010 1925 1074 1984; x_wconf 83' lang='lat'><strong>288</strong></span> <span class='ocrx_word' id='word_1_79' title='bbox 1094 1918 1217 1988; x_wconf 79' lang='grc' dir='ltr'><em>Ἀθῖινιιι</em></span> 
     </span>
    </p>
   </div>
   <div class='ocr_carea' id='block_1_4' title="bbox 198 2037 1219 4262">
    <p class='ocr_par' dir='ltr' id='par_1_6' title="bbox 199 2037 1219 2818">
     <span class='ocr_line' id='line_1_14' title="bbox 203 2037 1215 2121; baseline -0.002 -17"><span class='ocrx_word' id='word_1_80' title='bbox 203 2039 322 2112; x_wconf 71' lang='grc' dir='ltr'><em>πολλὰς</em></span> <span class='ocrx_word' id='word_1_81' title='bbox 344 2039 486 2121; x_wconf 59' lang='grc' dir='ltr'><em>Περνιῒων</em></span> <span class='ocrx_word' id='word_1_82' title='bbox 510 2038 629 2106; x_wconf 74' lang='grc' dir='ltr'><em>ἔκτισαν</em></span> <span class='ocrx_word' id='word_1_83' title='bbox 647 2037 759 2112; x_wconf 69' lang='grc' dir='ltr'><em>εὔνιδας</em></span> <span class='ocrx_word' id='word_1_84' title='bbox 778 2037 820 2115; x_wconf 72' lang='grc' dir='ltr'><strong>ἠδ’</strong></span> <span class='ocrx_word' id='word_1_85' title='bbox 839 2037 1007 2121; x_wconf 67' lang='grc' dir='ltr'><em>ἀνάνδρους,</em></span> <span class='ocrx_word' id='word_1_86' title='bbox 1023 2039 1215 2106; x_wconf 75' lang='lat' dir='ltr'><strong>chosroen</strong></span> 
     </span>
     <span class='ocr_line' id='line_1_15' title="bbox 201 2157 1219 2240; baseline -0.002 -16"><span class='ocrx_word' id='word_1_87' title='bbox 201 2157 346 2240; x_wconf 62' lang='lat' dir='ltr'><strong>incitanda</strong></span> <span class='ocrx_word' id='word_1_88' title='bbox 380 2183 414 2224; x_wconf 86' lang='grc' dir='ltr'><strong>σε</strong></span> <span class='ocrx_word' id='word_1_89' title='bbox 444 2158 552 2236; x_wconf 81' lang='grc' dir='ltr'><strong>κτίσει,</strong></span> <span class='ocrx_word' id='word_1_90' title='bbox 586 2163 617 2222; x_wconf 87' lang='grc'><strong>61</strong></span> <span class='ocrx_word' id='word_1_91' title='bbox 647 2157 905 2223; x_wconf 85' lang='lat' dir='ltr'><strong>accommodatius</strong></span> <span class='ocrx_word' id='word_1_92' title='bbox 937 2181 1001 2222; x_wconf 86' lang='lat' dir='ltr'><strong>esse</strong></span> <span class='ocrx_word' id='word_1_93' title='bbox 1037 2157 1219 2224; x_wconf 79' lang='lat' dir='ltr'><strong>scholiastae</strong></span> 
     </span>
     <span class='ocr_line' id='line_1_16' title="bbox 200 2276 1216 2364; baseline 0 -22"><span class='ocrx_word' id='word_1_94' title='bbox 200 2277 414 2364; x_wconf 83' lang='lat' dir='ltr'><strong>explicationi,</strong></span> <span class='ocrx_word' id='word_1_95' title='bbox 448 2277 563 2342; x_wconf 87' lang='lat' dir='ltr'><strong>utentis</strong></span> <span class='ocrx_word' id='word_1_96' title='bbox 601 2276 690 2341; x_wconf 88' lang='lat' dir='ltr'><strong>verbo</strong></span> <span class='ocrx_word' id='word_1_97' title='bbox 725 2276 971 2358; x_wconf 75' lang='grc' dir='ltr'><em>κνιτννσκενιέζεινε</em></span> <span class='ocrx_word' id='word_1_98' title='bbox 1003 2277 1083 2363; x_wconf 92' lang='lat' dir='ltr'><strong>quod</strong></span> <span class='ocrx_word' id='word_1_99' title='bbox 1115 2281 1216 2342; x_wconf 86' lang='lat' dir='ltr'><strong>tamen</strong></span> 
     </span>
     <span class='ocr_line' id='line_1_17' title="bbox 201 2395 1216 2483; baseline -0.002 -21"><span class='ocrx_word' id='word_1_100' title='bbox 201 2397 299 2483; x_wconf 84' lang='lat' dir='ltr'><strong>magis</strong></span> <span class='ocrx_word' id='word_1_101' title='bbox 323 2395 361 2460; x_wconf 83' lang='lat' dir='ltr'><strong>ad</strong></span> <span class='ocrx_word' id='word_1_102' title='bbox 384 2395 508 2476; x_wconf 79' lang='grc' dir='ltr'><em>μωμένιι</em></span> <span class='ocrx_word' id='word_1_103' title='bbox 532 2395 683 2481; x_wconf 88' lang='lat' dir='ltr'><strong>pertinere</strong></span> <span class='ocrx_word' id='word_1_104' title='bbox 705 2400 812 2481; x_wconf 83' lang='lat' dir='ltr'><strong>potest.</strong></span> <span class='ocrx_word' id='word_1_105' title='bbox 857 2397 1015 2461; x_wconf 79' lang='lat' dir='ltr'><strong>Sententia</strong></span> <span class='ocrx_word' id='word_1_106' title='bbox 1046 2401 1146 2462; x_wconf 88' lang='lat' dir='ltr'><strong>aulem</strong></span> <span class='ocrx_word' id='word_1_107' title='bbox 1171 2401 1216 2460; x_wconf 88' lang='lat' dir='ltr'><strong>est</strong></span> 
     </span>
     <span class='ocr_line' id='line_1_18' title="bbox 200 2513 1215 2601; baseline -0.001 -21"><span class='ocrx_word' id='word_1_108' title='bbox 200 2513 394 2600; x_wconf 86' lang='lat' dir='ltr'><strong>hujusmodi,</strong></span> <span class='ocrx_word' id='word_1_109' title='bbox 415 2519 451 2580; x_wconf 86' lang='lat' dir='ltr'><strong>ut</strong></span> <span class='ocrx_word' id='word_1_110' title='bbox 470 2513 606 2592; x_wconf 83' lang='lat' dir='ltr'><strong>Chorus,</strong></span> <span class='ocrx_word' id='word_1_111' title='bbox 626 2513 700 2578; x_wconf 88' lang='lat' dir='ltr'><strong>haec</strong></span> <span class='ocrx_word' id='word_1_112' title='bbox 718 2536 845 2580; x_wconf 88' lang='lat' dir='ltr'><strong>narrans</strong></span> <span class='ocrx_word' id='word_1_113' title='bbox 861 2515 999 2591; x_wconf 84' lang='lat' dir='ltr'><strong>Orestae,</strong></span> <span class='ocrx_word' id='word_1_114' title='bbox 1015 2515 1215 2601; x_wconf 82' lang='lat' dir='ltr'><strong>ignominiam</strong></span> 
     </span>
     <span class='ocr_line' id='line_1_19' title="bbox 200 2632 1218 2720; baseline -0.001 -22"><span class='ocrx_word' id='word_1_115' title='bbox 200 2633 288 2700; x_wconf 88' lang='lat' dir='ltr'><strong>illam</strong></span> <span class='ocrx_word' id='word_1_116' title='bbox 317 2633 397 2720; x_wconf 88' lang='lat' dir='ltr'><strong>patri</strong></span> <span class='ocrx_word' id='word_1_117' title='bbox 428 2632 543 2700; x_wconf 87' lang='lat' dir='ltr'><strong>illatam</strong></span> <span class='ocrx_word' id='word_1_118' title='bbox 568 2634 698 2698; x_wconf 87' lang='lat' dir='ltr'><strong>maxime</strong></span> <span class='ocrx_word' id='word_1_119' title='bbox 720 2633 758 2698; x_wconf 85' lang='lat' dir='ltr'><strong>ad</strong></span> <span class='ocrx_word' id='word_1_120' title='bbox 782 2634 880 2720; x_wconf 91' lang='lat' dir='ltr'><strong>ipsum</strong></span> <span class='ocrx_word' id='word_1_121' title='bbox 904 2633 1042 2698; x_wconf 87' lang='lat' dir='ltr'><strong>Orestem</strong></span> <span class='ocrx_word' id='word_1_122' title='bbox 1066 2633 1218 2719; x_wconf 88' lang='lat' dir='ltr'><strong>pertinere</strong></span> 
     </span>
     <span class='ocr_line' id='line_1_20' title="bbox 199 2753 367 2818; baseline -0.012 0"><span class='ocrx_word' id='word_1_123' title='bbox 199 2753 367 2818; x_wconf 85' lang='lat' dir='ltr'><strong>existimet.</strong></span> 
     </span>
    </p>

    <p class='ocr_par' dir='ltr' id='par_1_7' title="bbox 199 2868 1218 3314">
     <span class='ocr_line' id='line_1_21' title="bbox 248 2868 1216 2953; baseline 0 -19"><span class='ocrx_word' id='word_1_124' title='bbox 248 2873 322 2934; x_wconf 77' lang='grc'>442.</span> <span class='ocrx_word' id='word_1_125' title='bbox 368 2868 502 2953; x_wconf 75' lang='grc' dir='ltr'><em>ἄφερτον.</em></span> <span class='ocrx_word' id='word_1_126' title='bbox 548 2871 598 2936; x_wconf 84' lang='grc'><strong>116</strong></span> <span class='ocrx_word' id='word_1_127' title='bbox 621 2871 667 2948; x_wconf 81' lang='lat' dir='ltr'><strong>R,</strong></span> <span class='ocrx_word' id='word_1_128' title='bbox 691 2893 797 2935; x_wconf 82' lang='lat' dir='ltr'><strong>rursus</strong></span> <span class='ocrx_word' id='word_1_129' title='bbox 821 2871 923 2935; x_wconf 89' lang='lat' dir='ltr'><strong>nescio</strong></span> <span class='ocrx_word' id='word_1_130' title='bbox 947 2893 985 2934; x_wconf 91' lang='lat' dir='ltr'><strong>an</strong></span> <span class='ocrx_word' id='word_1_131' title='bbox 1005 2871 1149 2936; x_wconf 86' lang='lat' dir='ltr'><strong>ecodiee.</strong></span> <span class='ocrx_word' id='word_1_132' title='bbox 1182 2871 1216 2934; x_wconf 92' lang='lat' dir='ltr'>M</span> 
     </span>
     <span class='ocr_line' id='line_1_22' title="bbox 199 2985 1217 3075; baseline 0 -23"><span class='ocrx_word' id='word_1_133' title='bbox 199 2993 234 3052; x_wconf 88' lang='lat' dir='ltr'><strong>et</strong></span> <span class='ocrx_word' id='word_1_134' title='bbox 257 2988 287 3053; x_wconf 86' lang='lat' dir='ltr'><strong>G</strong></span> <span class='ocrx_word' id='word_1_135' title='bbox 309 2985 463 3070; x_wconf 69' lang='grc' dir='ltr'><em>ἂφερκτνν.</em></span> <span class='ocrx_word' id='word_1_136' title='bbox 509 2987 556 3052; x_wconf 83' lang='lat' dir='ltr'><strong>cf.</strong></span> <span class='ocrx_word' id='word_1_137' title='bbox 576 2992 683 3075; x_wconf 79' lang='lat' dir='ltr'><strong>Agara.</strong></span> <span class='ocrx_word' id='word_1_138' title='bbox 704 2991 806 3066; x_wconf 91' lang='grc'>1600,</span> <span class='ocrx_word' id='word_1_139' title='bbox 826 2986 878 3052; x_wconf 91' lang='lat' dir='ltr'><strong>ubi</strong></span> <span class='ocrx_word' id='word_1_140' title='bbox 895 2987 1062 3074; x_wconf 59' lang='lat' dir='ltr'><strong>Aemathus</strong></span> <span class='ocrx_word' id='word_1_141' title='bbox 1080 2989 1116 3054; x_wconf 90' lang='lat' dir='ltr'><strong>de</strong></span> <span class='ocrx_word' id='word_1_142' title='bbox 1133 2987 1217 3073; x_wconf 83' lang='lat' dir='ltr'>Thy-</span> 
     </span>
     <span class='ocr_line' id='line_1_23' title="bbox 199 3105 1218 3194; baseline -0.001 -23"><span class='ocrx_word' id='word_1_143' title='bbox 199 3111 283 3184; x_wconf 86' lang='lat' dir='ltr'><strong>este,</strong></span> <span class='ocrx_word' id='word_1_144' title='bbox 314 3105 351 3170; x_wconf 92' lang='lat' dir='ltr'><strong>ab</strong></span> <span class='ocrx_word' id='word_1_145' title='bbox 381 3107 476 3170; x_wconf 88' lang='lat' dir='ltr'><strong>Atreo</strong></span> <span class='ocrx_word' id='word_1_146' title='bbox 507 3106 631 3170; x_wconf 84' lang='lat' dir='ltr'><strong>nefariis</strong></span> <span class='ocrx_word' id='word_1_147' title='bbox 664 3105 763 3193; x_wconf 89' lang='lat' dir='ltr'><strong>epulis</strong></span> <span class='ocrx_word' id='word_1_148' title='bbox 794 3112 938 3193; x_wconf 84' lang='lat' dir='ltr'><strong>excepto,</strong></span> <span class='ocrx_word' id='word_1_149' title='bbox 964 3111 1125 3194; x_wconf 68' lang='lat' dir='ltr'><strong>postquam</strong></span> <span class='ocrx_word' id='word_1_150' title='bbox 1148 3106 1218 3172; x_wconf 87' lang='lat' dir='ltr'><strong>illas</strong></span> 
     </span>
     <span class='ocr_line' id='line_1_24' title="bbox 199 3226 367 3314; baseline -0.018 -23"><span class='ocrx_word' id='word_1_151' title='bbox 199 3226 367 3314; x_wconf 82' lang='lat' dir='ltr'><strong>cognovit,</strong></span> 
     </span>
    </p>

    <p class='ocr_par' dir='ltr' id='par_1_8' title="bbox 359 3342 1034 3428">
     <span class='ocr_line' id='line_1_25' title="bbox 359 3342 1034 3428; baseline 0 -20"><span class='ocrx_word' id='word_1_152' title='bbox 359 3343 443 3428; x_wconf 67' lang='grc' dir='ltr'><em>μόνον</em></span> <span class='ocrx_word' id='word_1_153' title='bbox 467 3343 491 3408; x_wconf 73' lang='grc' dir='ltr'><strong>δ’</strong></span> <span class='ocrx_word' id='word_1_154' title='bbox 513 3342 642 3424; x_wconf 70' lang='grc' dir='ltr'><em>ἄφερτον</em></span> <span class='ocrx_word' id='word_1_155' title='bbox 664 3345 841 3417; x_wconf 62' lang='lat' dir='ltr'><strong>flammulam</strong></span> <span class='ocrx_word' id='word_1_156' title='bbox 863 3345 1034 3426; x_wconf 69' lang='grc' dir='ltr'><em>ἐπεύχεται.</em></span> 
     </span>
    </p>

    <p class='ocr_par' dir='ltr' id='par_1_9' title="bbox 198 3461 1219 4262">
     <span class='ocr_line' id='line_1_26' title="bbox 200 3461 1216 3550; baseline -0.003 -22"><span class='ocrx_word' id='word_1_157' title='bbox 200 3464 276 3528; x_wconf 89' lang='lat' dir='ltr'><strong>Non</strong></span> <span class='ocrx_word' id='word_1_158' title='bbox 301 3462 456 3539; x_wconf 85' lang='lat' dir='ltr'><strong>videmus,</strong></span> <span class='ocrx_word' id='word_1_159' title='bbox 479 3462 560 3550; x_wconf 88' lang='lat' dir='ltr'><strong>apud</strong></span> <span class='ocrx_word' id='word_1_160' title='bbox 583 3461 768 3549; x_wconf 81' lang='lat' dir='ltr'><strong>Aeschylum</strong></span> <span class='ocrx_word' id='word_1_161' title='bbox 794 3462 987 3540; x_wconf 80' lang='lat' dir='ltr'><strong>constitisse,</strong></span> <span class='ocrx_word' id='word_1_162' title='bbox 1010 3462 1216 3547; x_wconf 75' lang='lat' dir='ltr'><strong>Clytaemnes-</strong></span> 
     </span>
     <span class='ocr_line' id='line_1_27' title="bbox 198 3581 1218 3668; baseline -0.002 -20"><span class='ocrx_word' id='word_1_163' title='bbox 198 3587 277 3648; x_wconf 83' lang='lat' dir='ltr'><strong>tram</strong></span> <span class='ocrx_word' id='word_1_164' title='bbox 309 3581 444 3646; x_wconf 90' lang='lat' dir='ltr'><strong>voluisse</strong></span> <span class='ocrx_word' id='word_1_165' title='bbox 475 3582 646 3648; x_wconf 88' lang='lat' dir='ltr'><strong>interficere</strong></span> <span class='ocrx_word' id='word_1_166' title='bbox 669 3582 776 3648; x_wconf 85' lang='lat' dir='ltr'><strong>filium.</strong></span> <span class='ocrx_word' id='word_1_167' title='bbox 822 3583 932 3667; x_wconf 86' lang='lat' dir='ltr'><strong>Neque</strong></span> <span class='ocrx_word' id='word_1_168' title='bbox 954 3582 1031 3668; x_wconf 87' lang='lat' dir='ltr'><strong>ipse,</strong></span> <span class='ocrx_word' id='word_1_169' title='bbox 1055 3581 1218 3648; x_wconf 64' lang='grc'>16611166-</span> 
     </span>
     <span class='ocr_line' id='line_1_28' title="bbox 199 3699 1218 3789; baseline 0 -23"><span class='ocrx_word' id='word_1_170' title='bbox 199 3707 269 3778; x_wconf 86' lang='lat' dir='ltr'><strong>tra,</strong></span> <span class='ocrx_word' id='word_1_171' title='bbox 295 3723 351 3766; x_wconf 84' lang='grc'><strong>666</strong></span> <span class='ocrx_word' id='word_1_172' title='bbox 374 3699 494 3782; x_wconf 76' lang='lat' dir='ltr'><strong>Chorus</strong></span> <span class='ocrx_word' id='word_1_173' title='bbox 516 3700 576 3767; x_wconf 89' lang='lat' dir='ltr'><strong>hoc</strong></span> <span class='ocrx_word' id='word_1_174' title='bbox 599 3703 626 3767; x_wconf 92' lang='lat' dir='ltr'><strong>ei</strong></span> <span class='ocrx_word' id='word_1_175' title='bbox 647 3702 809 3789; x_wconf 88' lang='lat' dir='ltr'><strong>imputant.</strong></span> <span class='ocrx_word' id='word_1_176' title='bbox 832 3702 970 3788; x_wconf 84' lang='lat' dir='ltr'><strong>Imputat</strong></span> <span class='ocrx_word' id='word_1_177' title='bbox 987 3702 1075 3766; x_wconf 86' lang='lat' dir='ltr'><strong>matri</strong></span> <span class='ocrx_word' id='word_1_178' title='bbox 1094 3702 1218 3766; x_wconf 85' lang='lat' dir='ltr'><strong>Orestes</strong></span> 
     </span>
     <span class='ocr_line' id='line_1_29' title="bbox 201 3818 1218 3908; baseline 0 -24"><span class='ocrx_word' id='word_1_179' title='bbox 201 3820 342 3886; x_wconf 81' lang='lat' dir='ltr'><strong>exsilium</strong></span> <span class='ocrx_word' id='word_1_180' title='bbox 365 3842 471 3896; x_wconf 90' lang='lat' dir='ltr'><strong>suum,</strong></span> <span class='ocrx_word' id='word_1_181' title='bbox 489 3823 561 3884; x_wconf 85' lang='grc'>013.</span> <span class='ocrx_word' id='word_1_182' title='bbox 597 3819 720 3885; x_wconf 88' lang='lat' dir='ltr'><strong>Idcirco</strong></span> <span class='ocrx_word' id='word_1_183' title='bbox 739 3820 823 3903; x_wconf 68' lang='grc' dir='ltr'><em>μέρος</em></span> <span class='ocrx_word' id='word_1_184' title='bbox 841 3818 870 3884; x_wconf 89' lang='lat' dir='ltr'><strong>h.</strong></span> <span class='ocrx_word' id='word_1_185' title='bbox 884 3819 903 3884; x_wconf 93' lang='lat' dir='ltr'><strong>l.</strong></span> <span class='ocrx_word' id='word_1_186' title='bbox 917 3842 979 3884; x_wconf 92' lang='lat' dir='ltr'><strong>non</strong></span> <span class='ocrx_word' id='word_1_187' title='bbox 992 3819 1153 3908; x_wconf 33' lang='lat' dir='ltr'><strong>dessmorte,</strong></span> <span class='ocrx_word' id='word_1_188' title='bbox 1166 3819 1218 3884; x_wconf 87' lang='lat' dir='ltr'><strong>sed</strong></span> 
     </span>
     <span class='ocr_line' id='line_1_30' title="bbox 199 3938 1219 4014; baseline -0.001 -12"><span class='ocrx_word' id='word_1_189' title='bbox 199 3939 239 4003; x_wconf 88' lang='lat' dir='ltr'><strong>de</strong></span> <span class='ocrx_word' id='word_1_190' title='bbox 259 3944 328 4004; x_wconf 89' lang='lat' dir='ltr'><strong>toto</strong></span> <span class='ocrx_word' id='word_1_191' title='bbox 350 3939 414 4003; x_wconf 85' lang='lat' dir='ltr'><strong>feto</strong></span> <span class='ocrx_word' id='word_1_192' title='bbox 434 3939 550 4006; x_wconf 90' lang='lat' dir='ltr'><strong>dictum</strong></span> <span class='ocrx_word' id='word_1_193' title='bbox 570 3940 728 4004; x_wconf 85' lang='lat' dir='ltr'><strong>existimo:</strong></span> <span class='ocrx_word' id='word_1_194' title='bbox 748 3944 779 4005; x_wconf 92' lang='lat' dir='ltr'><strong>et</strong></span> <span class='ocrx_word' id='word_1_195' title='bbox 799 3940 876 4005; x_wconf 74' lang='grc' dir='ltr'><em>αἰῶνι</em></span> <span class='ocrx_word' id='word_1_196' title='bbox 899 3961 960 4004; x_wconf 92' lang='lat' dir='ltr'><strong>nou</strong></span> <span class='ocrx_word' id='word_1_197' title='bbox 976 3939 1013 4002; x_wconf 88' lang='lat' dir='ltr'><strong>de</strong></span> <span class='ocrx_word' id='word_1_198' title='bbox 1033 3938 1086 4003; x_wconf 88' lang='lat' dir='ltr'><strong>illa</strong></span> <span class='ocrx_word' id='word_1_199' title='bbox 1106 3943 1219 4014; x_wconf 86' lang='lat' dir='ltr'><strong>aetate,</strong></span> 
     </span>
     <span class='ocr_line' id='line_1_31' title="bbox 202 4057 1216 4146; baseline 0.002 -24"><span class='ocrx_word' id='word_1_200' title='bbox 202 4081 263 4144; x_wconf 90' lang='lat' dir='ltr'><strong>qua</strong></span> <span class='ocrx_word' id='word_1_201' title='bbox 284 4063 351 4124; x_wconf 85' lang='lat' dir='ltr'><strong>tum</strong></span> <span class='ocrx_word' id='word_1_202' title='bbox 375 4059 500 4122; x_wconf 88' lang='lat' dir='ltr'><strong>Orestes</strong></span> <span class='ocrx_word' id='word_1_203' title='bbox 523 4061 602 4136; x_wconf 86' lang='lat' dir='ltr'><strong>erat,</strong></span> <span class='ocrx_word' id='word_1_204' title='bbox 623 4057 707 4143; x_wconf 83' lang='lat' dir='ltr'><strong>quod</strong></span> <span class='ocrx_word' id='word_1_205' title='bbox 729 4080 786 4122; x_wconf 91' lang='lat' dir='ltr'><strong>nee</strong></span> <span class='ocrx_word' id='word_1_206' title='bbox 808 4058 906 4145; x_wconf 88' lang='lat' dir='ltr'><strong>ipsius</strong></span> <span class='ocrx_word' id='word_1_207' title='bbox 930 4057 1071 4130; x_wconf 84' lang='lat' dir='ltr'><strong>vocabuli</strong></span> <span class='ocrx_word' id='word_1_208' title='bbox 1096 4058 1216 4146; x_wconf 82' lang='lat' dir='ltr'><strong>signifi·</strong></span> 
     </span>
     <span class='ocr_line' id='line_1_32' title="bbox 205 4177 855 4262; baseline 0.008 -21"><span class='ocrx_word' id='word_1_209' title='bbox 205 4178 320 4252; x_wconf 77' lang='lat' dir='ltr'><strong>cationi</strong></span> <span class='ocrx_word' id='word_1_210' title='bbox 344 4178 536 4262; x_wconf 80' lang='lat' dir='ltr'><strong>conveniret,</strong></span> <span class='ocrx_word' id='word_1_211' title='bbox 559 4178 610 4250; x_wconf 80' lang='lat' dir='ltr'><strong>sed</strong></span> <span class='ocrx_word' id='word_1_212' title='bbox 635 4177 673 4250; x_wconf 76' lang='lat' dir='ltr'><strong>de</strong></span> <span class='ocrx_word' id='word_1_213' title='bbox 696 4182 761 4245; x_wconf 87' lang='lat' dir='ltr'><strong>tota</strong></span> <span class='ocrx_word' id='word_1_214' title='bbox 784 4179 855 4250; x_wconf 86' lang='lat' dir='ltr'><strong>vita.</strong></span> 
     </span>
    </p>
   </div>
   <div class='ocr_carea' id='block_1_5' title="bbox 0 0 1493 4974">
    <p class='ocr_par' dir='ltr' id='par_1_10' title="bbox 0 0 1493 4974">
     <span class='ocr_line' id='line_1_33' title="bbox 0 0 1493 4974; baseline 0 0"><span class='ocrx_word' id='word_1_215' title='bbox 0 0 1493 4974; x_wconf 95' lang='lat' dir='ltr'><strong> </strong></span> 
     </span>
    </p>
   </div>
  </div>
 </body>
</html>
