2972 4974
327 505 391 569 174
733 517 933 567 insoniam.

370 709 443 769 929.
488 704 552 770 Alii
575 703 656 768 hunc
678 726 793 770 versum
816 726 882 770 com
898 711 1043 790 sequente
1051 708 1194 792 junctum
1208 708 1333 773 Orestae

324 821 474 888 tribuunt.
521 822 612 896 Quod
637 843 698 888 non
721 822 824 910 probo.
870 824 939 888 Jam
963 827 1087 914 propius
1107 849 1228 892 marium
1251 825 1334 891 adhi-

324 939 413 1005 bente
444 940 507 1006 filio
538 940 779 1026 Clytaemnestra
811 943 842 1005 in
867 965 963 1008 acrem
990 945 1100 1010 somnii
1123 945 1202 1010 redit
1227 966 1334 1010 memo-

324 1059 415 1138 riam,
447 1064 618 1145 certamque
648 1062 753 1127 videns
785 1061 843 1126 sibi
874 1068 1001 1128 mortem
1034 1065 1236 1151 propositam,
1269 1086 1336 1130 vera

324 1180 525 1246 vaticinatum
552 1203 615 1246 esse
640 1180 717 1246 illud
741 1182 893 1246 somnium
916 1181 1074 1270 intelligit.
1120 1183 1243 1248 Orestes
1268 1206 1336 1250 uero

324 1299 413 1364 etiam
437 1299 468 1362 in
493 1304 627 1363 extremo
649 1322 738 1387 opera
761 1300 951 1367 conficiendo
974 1302 1116 1388 precibus
1139 1305 1245 1368 matris
1265 1326 1336 1388 que-

323 1417 454 1501 relisque
480 1425 510 1482 et
541 1418 629 1482 minis
653 1441 743 1483 voces
766 1421 861 1506 patris
885 1425 992 1486 contra
1017 1422 1152 1508 reponit,
1174 1423 1259 1506 quasi
1285 1445 1335 1486 au-

324 1535 449 1600 divisset
473 1537 587 1600 monita
610 1535 719 1602 Ohori:
746 1560 786 1602 vs.
810 1542 883 1602 828.

370 1657 441 1718 930.
487 1653 581 1728 κάνες.
629 1655 698 1720 Hoo
722 1657 820 1742 ipsum
845 1655 889 1722 M.
921 1657 965 1736 G,
989 1658 1018 1721 R
1042 1665 1071 1724 et
1091 1657 1205 1723 Aldina
1224 1658 1335 1724 habeut

324 1774 503 1859 scripturam
527 1773 666 1853 eandem,
688 1774 738 1838 sed
761 1774 849 1840 alitor
869 1775 994 1842 divisam
1010 1777 1336 1863 accentibusquealiis.

326 1891 486 1957 Mutarunt
505 1893 558 1957 alii
578 1897 680 1979 postea
700 1893 816 1971 inaure,
836 1899 866 1958 et
879 1894 1055 1960 deleverunt
1067 1899 1107 1973 γ’.
1131 1896 1177 1960 Oi.
1190 1897 1252 1963 θέτο
1265 1901 1336 1962 738.

324 2011 419 2076 Recta
451 2019 553 2076 monet
576 2011 776 2091 Sohuetnius,
800 2011 874 2078 haec
896 2015 1070 2099 loquentem
1095 2015 1234 2082 Orestem
1258 2017 1337 2082 abri-

279 2116 281 2122 ’
324 2131 425 2218 puisse
456 2136 580 2196 matrem
611 2137 642 2196 et
664 2133 755 2216 juxta
779 2154 887 2218 corpus
909 2132 1053 2219 Aegisthi
1075 2157 1138 2200 rem
1163 2136 1339 2222 perfecisse,

324 2255 466 2316 remotam
490 2273 506 2314 a
531 2255 734 2336 spectatorum
757 2251 864 2318 oculis.

371 2372 442 2434 930.
488 2370 521 2436 τὸ
540 2372 583 2448 μὴ
605 2372 705 2451 χρεὼν.
754 2371 800 2436 Cf.
824 2395 899 2456 quae
922 2371 1136 2438 annotabimus
1158 2373 1195 2438 ad
1220 2377 1293 2440 973.

370 2493 441 2554 931.
488 2495 578 2555 στένω
602 2491 663 2568 μὲν.
710 2491 762 2554 Sic
787 2490 867 2556 libri.
917 2490 1077 2556 Turnebus
1101 2491 1252 2572 στένωμεν.

369 2611 442 2672 9³1.
487 2608 581 2674 roua.
627 2609 769 2674 Fortasse
792 2609 954 2696 legendum
978 2609 1069 2686 τήνδε.

369 2731 441 2791 932.
487 2728 643 2810 ε’πήκρισεν.
674 2726 858 2792 Scholiasta:
880 2730 926 2793 ἐπ’
945 2727 1029 2810 ἄκρον
1046 2727 1121 2805 ἦλθε.
1148 2727 1338 2814 Hesychius:

324 2847 490 2927 ἐπήκρισεν,
515 2847 562 2910 ἐπ’
584 2844 666 2926 ἄκρον
690 2847 823 2925 ἤγαγεν,
846 2846 929 2918 τέλος
954 2847 1099 2922 ἐπέθηκεν.
1147 2846 1340 2914 Scholiastae

324 2965 556 3050 explicationem
576 2987 699 3050 sequor,
718 2987 735 3030 a
754 2987 813 3049 qua
833 2967 884 3032 vix
906 2964 1081 3051 Hesychius
1103 2966 1215 3033 differt.
1242 2965 1338 3032 Multi

323 3085 497 3169 sanguinis,
530 3085 612 3169 quod
647 3107 714 3148 eum
749 3083 929 3170 profundere
963 3085 1136 3172 oportebat,
1171 3086 1206 3150 ad
1245 3087 1337 3152 finem

325 3203 468 3288 pervenit.

371 3322 442 3386 933.
488 3319 652 3401 αἱρούμεθα.
698 3319 761 3386 Alii
787 3320 823 3384 de
847 3320 1022 3405 conjectura
1044 3321 1210 3402 αἰτούμεθα.
1245 3321 1339 3393 Quod

324 3462 385 3504 nou
413 3438 514 3525 probo.
560 3439 688 3504 Peracto
720 3440 903 3515 certamine,
936 3461 997 3504 non
1029 3444 1168 3526 precatur
1199 3440 1340 3518 Olrorus,

324 3557 432 3622 oculus
457 3559 564 3623 domus
586 3580 626 3621 ne
648 3562 766 3644 pereat,
789 3557 839 3622 sed
865 3559 959 3624 sumit
978 3557 1036 3624 hoo
1060 3558 1119 3624 sibi
1138 3563 1169 3623 et
1188 3562 1221 3622 in
1239 3559 1340 3645 pretio

324 3678 458 3764 reponit,
488 3677 569 3762 quod
602 3676 653 3742 ille
684 3699 746 3741 non
776 3678 884 3763 periit:
915 3679 1014 3742 utitur
1037 3683 1135 3743 autern
1160 3701 1222 3742 non
1245 3678 1339 3743 verbo

324 3797 466 3878 χαίρομεν
491 3795 537 3860 vel
559 3795 619 3860 alio
643 3795 839 3882 gloriosiore,
863 3797 915 3862 sod
939 3802 974 3861 ut
996 3797 1030 3862 in
1054 3794 1225 3884 triumpho,
1246 3819 1341 3881 quem

324 3921 424 3980 tamen
447 3915 547 4000 ipsum
567 3937 627 3980 non
647 3915 761 4001 gemitu
784 3938 883 3980 carere
901 3917 1029 3993 fatetur,
1051 3915 1233 3986 modestiore
1245 3915 1340 3982 verbo

325 4034 489 4116 αἱρούμεθα.

371 4156 442 4218 935.
490 4152 557 4216 Jam
581 4175 596 4216 e
621 4157 783 4240 conspectu
808 4153 884 4218 abiit
908 4156 1045 4220 Orestes:
1065 4155 1153 4240 cujus
1174 4154 1339 4222 consilium

325 4272 456 4339 abeundi
478 4293 547 4336 mox
571 4293 612 4336 vs.
638 4275 700 4337 973
725 4272 887 4359 apparebit.
922 4275 1017 4338 Nunc
1038 4296 1107 4340 vero
1128 4271 1263 4352 Ohorus,
1281 4277 1338 4360 qui
