2972 4974
578 447 779 493 rnnorsrro.
1116 430 1179 492 121

169 631 337 718 significari
361 632 488 718 antiquo
510 632 648 709 nomine,
671 635 706 696 ut
729 634 831 696 narrat
855 630 1031 694 Herodotus
1053 629 1119 694 VII
1141 631 1183 693 62

168 749 210 814 da
232 749 347 828 Medis,
371 751 522 817 ἐκαλέοντο
548 751 578 816 δὲ
600 749 697 816 malton
720 749 790 831 πρὸς
812 748 930 815 πάντων
948 747 1050 829 Ἄριοι.
1098 748 1184 813 Idem

166 867 262 933 elium
294 870 385 934 Asiae
415 870 560 958 populum
592 869 650 935 hoe
681 871 804 934 nomine
835 872 980 934 memorat
1010 867 1064 932 III
1089 870 1130 932 93
1154 871 1185 932 at

168 987 240 1050 VII
262 992 314 1053 66.

214 1109 288 1172 423.
333 1105 402 1172 εἴτε.
453 1107 646 1174 Hermnnnus
675 1105 705 1172 ἔν
727 1131 779 1183 τε,
811 1127 873 1170 uon
905 1106 1025 1193 inepte,
1059 1126 1115 1169 neo
1138 1108 1185 1169 ta·

168 1248 238 1291 men
260 1227 434 1291 neeessarie.

214 1348 288 1409 423.
333 1345 465 1417 Κισσιόις.
511 1343 642 1410 Cissium
675 1367 783 1409 nomen
816 1367 886 1408 oum
918 1343 1005 1408 Susis
1031 1346 1062 1407 et
1085 1340 1184 1406 Eeho-

167 1463 251 1527 tanis
269 1464 414 1550 jungitur
437 1463 517 1528 Pers.
538 1467 589 1530 17.
618 1461 794 1529 Herodotus
814 1461 846 1528 in
868 1461 970 1528 Oiseia
989 1461 1067 1526 Susa
1090 1461 1185 1526 luisse

167 1586 314 1646 memorat
337 1581 373 1646 L.
397 1580 445 1646 VI
468 1584 528 1658 49,
554 1586 605 1645 52.

214 1701 288 1763 424.
334 1698 427 1779 νόμοις
448 1699 612 1781 ἰηλεμισσοί
649 1750 656 1764 .
703 1701 752 1764 Ita
783 1703 865 1764 reete
891 1697 1054 1763 ediderunt
1086 1696 1184 1762 edito-

168 1840 217 1882 res
236 1819 433 1894 recentiores,
456 1818 568 1884 collato
586 1817 757 1905 Hesychio:
780 1816 996 1899 ἱνλεμιστοίοιςε
1012 1815 1184 1899 tonsuratas.

169 1937 210 2000 Iu
229 1935 316 2002 libris
335 1935 630 2019 νόμοισιλεμιστρίοος,
653 1937 815 2002 Turnebus
836 1936 942 2015 νόμοισι
964 1935 1183 2018 tetrameter.

170 2055 218 2120 cf.
241 2055 345 2142 Eurip.
376 2056 466 2121 Hero.
490 2057 547 2121 fur.
575 2059 637 2121 109
661 2055 787 2135 ἰηλέμων
809 2055 885 2133 νόον
907 2054 1009 2127 aesta.
1055 2055 1185 2141 Compa-

169 2173 248 2237 ratio
279 2174 371 2238 Aries
404 2173 452 2238 vel
484 2174 600 2240 (lissiae
630 2176 775 2261 preefioae
808 2175 941 2262 pertinet
971 2175 1009 2239 ad
1043 2173 1184 2260 majorem

169 2289 295 2356 dolendi
318 2291 503 2379 lugendique
525 2298 664 2380 gestum,
695 2292 802 2358 multis
830 2292 1039 2358 Orientalibus
1064 2291 1186 2380 populis

168 2410 344 2498 proprium:
374 2409 472 2496 qualis
502 2411 591 2477 etiam
623 2433 781 2499 expressus
811 2418 856 2476 est
887 2413 920 2476 in
944 2415 1078 2478 extrema
1100 2415 1185 2498 parte

168 2527 342 2615 tragoediae
364 2529 532 2594 Persarum.
563 2529 661 2595 Totus
681 2528 732 2594 hio
747 2530 849 2608 loeus,
874 2551 969 2615 usque
987 2529 1026 2594 ad
1046 2551 1088 2595 vs.
1102 2532 1185 2608 428,

166 2646 249 2714 nihil
280 2647 372 2714 habet
401 2654 518 2735 praeter
552 2648 737 2714 vehementis
767 2650 880 2714 doloris
911 2650 1185 2738 significationem,

166 2789 259 2854 quem
279 2765 401 2832 Chorus
420 2774 505 2845 tom,
522 2790 616 2854 quum
633 2771 842 2856 Agamemnon
856 2769 1047 2846 caederetur,
1058 2769 1184 2857 planetu

167 2887 291 2972 ingenti
326 2886 520 2973 prodidisset.
565 2890 667 2953 Antea
697 2889 893 2977 interpretes,
926 2911 1021 2974 quum
1051 2889 1185 2976 legerent

166 3005 260 3086 ἔκοψε
289 3009 320 3070 et
350 3006 576 3085 σολεμισσρίος,
599 3005 672 3072 hoec
695 3007 733 3072 ad
757 3007 1025 3093 Clytaemnestram
1050 3015 1186 3095 spectare

167 3125 380 3204 crediderunt,
415 3133 445 3190 et
477 3125 514 3190 ad
545 3127 627 3191 ictus
658 3126 774 3213 plures,
815 3126 926 3212 quibus
955 3126 1009 3192 illa
1043 3128 1184 3193 maritum

165 3245 335 3312 interfecit.

217 3367 292 3428 425.
337 3363 593 3443 ἀπριγδόπληκτα.
610 3366 648 3430 In
660 3364 748 3430 libris
759 3361 914 3446 ἄσοιγκσοι
926 3363 1055 3440 manaret.
1074 3363 1185 3428 Emen-

166 3484 257 3549 darit
275 3482 490 3561 Blomfieldus,
513 3483 626 3548 oollato
645 3485 727 3548 Pers.
746 3487 829 3550 1057
855 3488 885 3550 et
902 3487 997 3550 1063.
1031 3484 1078 3548 Cf.
1094 3484 1184 3548 etiam

167 3601 264 3689 Soph.
287 3601 337 3686 Aj.
357 3604 421 3666 310

373 3720 464 3800 κόμην
487 3719 579 3803 simpl&
601 3719 674 3798 ὄνυξι
698 3721 857 3800 σνλλοιβιὶιν
878 3723 955 3802 grul.

170 3841 233 3906 Pro
256 3839 485 3918 πολύπλαγκτοι
507 3847 582 3906 sunt
604 3839 658 3926 qui
678 3840 787 3905 malint
805 3838 1038 3917 σολοπλοὶνντοοε
1060 3840 1187 3906 fortasse

171 3981 250 4026 vere.
295 3959 444 4025 Ceterum
460 3960 496 4024 ad
519 3960 599 4025 hune
623 3961 768 4026 carminis
791 3967 907 4048 perlem
931 3962 968 4027 of.
992 3981 1069 4045 quae
1091 3981 1185 4026 anno-

171 4081 304 4145 tavimus
327 4080 365 4144 ad
391 4082 462 4145 162.
498 4080 608 4146 ‘Miror
631 4086 750 4157 autem,
772 4078 1004 4158 Blomfieldum‚
1033 4077 1186 4144 Wellaue-

171 4221 238 4266 rum
269 4203 301 4266 et
324 4197 510 4266 Ahrensium
539 4197 613 4266 haee
642 4198 777 4268 tribuere
799 4197 956 4280 Electrae,
987 4200 1038 4266 oui
1062 4199 1186 4266 minime
