<?xml version="1.0" encoding="UTF-8"?>
<!DOCTYPE html PUBLIC "-//W3C//DTD XHTML 1.0 Transitional//EN"
    "http://www.w3.org/TR/xhtml1/DTD/xhtml1-transitional.dtd">
<html xmlns="http://www.w3.org/1999/xhtml" xml:lang="en" lang="en">
 <head>
  <title>
</title>
<meta http-equiv="Content-Type" content="text/html;charset=utf-8" />
  <meta name='ocr-system' content='tesseract 3.04.00' />
  <meta name='ocr-capabilities' content='ocr_page ocr_carea ocr_par ocr_line ocrx_word'/>
</head>
<body>
  <div class='ocr_page' id='page_1' title='image "aeschylichoepho00jonggoog_0180.png"; bbox 0 0 2972 4974; ppageno 0'>
   <div class='ocr_carea' id='block_1_1' title="bbox 270 475 868 535">
    <p class='ocr_par' dir='ltr' id='par_1_1' title="bbox 270 475 868 535">
     <span class='ocr_line' id='line_1_1' title="bbox 270 475 868 535; baseline -0.003 -1"><span class='ocrx_word' id='word_1_1' title='bbox 270 475 329 535; x_wconf 84' lang='grc'>168</span> <span class='ocrx_word' id='word_1_2' title='bbox 670 488 868 534; x_wconf 72' lang='lat' dir='ltr'>numerurm.</span> 
     </span>
    </p>
   </div>
   <div class='ocr_carea' id='block_1_2' title="bbox 266 669 1281 2896">
    <p class='ocr_par' dir='ltr' id='par_1_2' title="bbox 266 669 1280 1330">
     <span class='ocr_line' id='line_1_2' title="bbox 303 669 1280 754; baseline -0.004 -16"><span class='ocrx_word' id='word_1_3' title='bbox 303 677 384 752; x_wconf 87' lang='grc'><strong>843.</strong></span> <span class='ocrx_word' id='word_1_4' title='bbox 430 671 603 754; x_wconf 66' lang='grc' dir='ltr'>δεδηγμένον.</span> <span class='ocrx_word' id='word_1_5' title='bbox 650 673 790 739; x_wconf 88' lang='lat' dir='ltr'>Activam</span> <span class='ocrx_word' id='word_1_6' title='bbox 825 673 979 736; x_wconf 89' lang='lat' dir='ltr'>notionem</span> <span class='ocrx_word' id='word_1_7' title='bbox 1011 669 1118 736; x_wconf 87' lang='lat' dir='ltr'>habere</span> <span class='ocrx_word' id='word_1_8' title='bbox 1149 670 1280 736; x_wconf 85' lang='lat' dir='ltr'>videtur.</span> 
     </span>
     <span class='ocr_line' id='line_1_3' title="bbox 268 788 1280 877; baseline -0.003 -21"><span class='ocrx_word' id='word_1_9' title='bbox 268 791 451 858; x_wconf 89' lang='lat' dir='ltr'>Klausenius</span> <span class='ocrx_word' id='word_1_10' title='bbox 482 793 515 856; x_wconf 90' lang='lat' dir='ltr'>in</span> <span class='ocrx_word' id='word_1_11' title='bbox 548 791 706 858; x_wconf 68' lang='grc' dir='ltr'><em>ἐλκοιίνοντι</em></span> <span class='ocrx_word' id='word_1_12' title='bbox 728 795 760 856; x_wconf 90' lang='lat' dir='ltr'>et</span> <span class='ocrx_word' id='word_1_13' title='bbox 782 789 946 870; x_wconf 72' lang='grc' dir='ltr'><em>δεδογμένον</em></span> <span class='ocrx_word' id='word_1_14' title='bbox 968 789 1116 877; x_wconf 80' lang='lat' dir='ltr'>intelligit</span> <span class='ocrx_word' id='word_1_15' title='bbox 1140 788 1220 868; x_wconf 73' lang='grc' dir='ltr'><em>ἐμοὶ,</em></span> <span class='ocrx_word' id='word_1_16' title='bbox 1242 796 1280 854; x_wconf 88' lang='lat' dir='ltr'>ut</span> 
     </span>
     <span class='ocr_line' id='line_1_4' title="bbox 266 909 1278 998; baseline -0.006 -22"><span class='ocrx_word' id='word_1_17' title='bbox 266 913 308 976; x_wconf 87' lang='lat' dir='ltr'>sit</span> <span class='ocrx_word' id='word_1_18' title='bbox 338 911 566 998; x_wconf 85' lang='lat' dir='ltr'>explicandum:</span> <span class='ocrx_word' id='word_1_19' title='bbox 597 910 670 976; x_wconf 92' lang='lat' dir='ltr'>mihi</span> <span class='ocrx_word' id='word_1_20' title='bbox 703 911 801 998; x_wconf 88' lang='lat' dir='ltr'>priore</span> <span class='ocrx_word' id='word_1_21' title='bbox 832 910 922 975; x_wconf 87' lang='lat' dir='ltr'>caede</span> <span class='ocrx_word' id='word_1_22' title='bbox 952 909 1086 975; x_wconf 87' lang='lat' dir='ltr'>ulcerato</span> <span class='ocrx_word' id='word_1_23' title='bbox 1109 913 1140 973; x_wconf 88' lang='lat' dir='ltr'>et</span> <span class='ocrx_word' id='word_1_24' title='bbox 1164 931 1278 974; x_wconf 90' lang='lat' dir='ltr'>morso:</span> 
     </span>
     <span class='ocr_line' id='line_1_5' title="bbox 266 1026 1279 1113; baseline 0.007 -21"><span class='ocrx_word' id='word_1_25' title='bbox 266 1051 369 1094; x_wconf 88' lang='lat' dir='ltr'>verum</span> <span class='ocrx_word' id='word_1_26' title='bbox 399 1028 456 1093; x_wconf 88' lang='lat' dir='ltr'>hoc</span> <span class='ocrx_word' id='word_1_27' title='bbox 480 1051 540 1094; x_wconf 91' lang='lat' dir='ltr'>non</span> <span class='ocrx_word' id='word_1_28' title='bbox 565 1029 708 1094; x_wconf 82' lang='lat' dir='ltr'>conuenit</span> <span class='ocrx_word' id='word_1_29' title='bbox 731 1050 798 1092; x_wconf 90' lang='lat' dir='ltr'>cum</span> <span class='ocrx_word' id='word_1_30' title='bbox 822 1027 1017 1113; x_wconf 72' lang='lat' dir='ltr'>praecedente</span> <span class='ocrx_word' id='word_1_31' title='bbox 1040 1027 1143 1094; x_wconf 87' lang='lat' dir='ltr'>dativo</span> <span class='ocrx_word' id='word_1_32' title='bbox 1166 1026 1279 1105; x_wconf 73' lang='grc' dir='ltr'><em>δόμοιο,</em></span> 
     </span>
     <span class='ocr_line' id='line_1_6' title="bbox 266 1145 1280 1234; baseline -0.001 -23"><span class='ocrx_word' id='word_1_33' title='bbox 266 1168 326 1231; x_wconf 92' lang='lat' dir='ltr'>quo</span> <span class='ocrx_word' id='word_1_34' title='bbox 352 1146 416 1232; x_wconf 88' lang='lat' dir='ltr'>jam</span> <span class='ocrx_word' id='word_1_35' title='bbox 448 1169 619 1234; x_wconf 86' lang='lat' dir='ltr'>expressum</span> <span class='ocrx_word' id='word_1_36' title='bbox 644 1151 705 1222; x_wconf 79' lang='lat' dir='ltr'>est,</span> <span class='ocrx_word' id='word_1_37' title='bbox 728 1146 765 1212; x_wconf 90' lang='lat' dir='ltr'>ad</span> <span class='ocrx_word' id='word_1_38' title='bbox 788 1168 865 1230; x_wconf 91' lang='lat' dir='ltr'>quos</span> <span class='ocrx_word' id='word_1_39' title='bbox 888 1145 962 1212; x_wconf 86' lang='lat' dir='ltr'>haec</span> <span class='ocrx_word' id='word_1_40' title='bbox 985 1168 1064 1210; x_wconf 87' lang='lat' dir='ltr'>nova</span> <span class='ocrx_word' id='word_1_41' title='bbox 1088 1145 1187 1210; x_wconf 79' lang='lat' dir='ltr'>clades</span> <span class='ocrx_word' id='word_1_42' title='bbox 1212 1167 1280 1232; x_wconf 90' lang='lat' dir='ltr'>per·</span> 
     </span>
     <span class='ocr_line' id='line_1_7' title="bbox 266 1264 369 1330; baseline -0.029 0"><span class='ocrx_word' id='word_1_43' title='bbox 266 1264 369 1330; x_wconf 83' lang='lat' dir='ltr'>lineat.</span> 
     </span>
    </p>

    <p class='ocr_par' dir='ltr' id='par_1_3' title="bbox 267 1381 1280 2065">
     <span class='ocr_line' id='line_1_8' title="bbox 312 1381 1279 1470; baseline 0 -23"><span class='ocrx_word' id='word_1_44' title='bbox 312 1386 386 1447; x_wconf 84' lang='grc'><strong>844.</strong></span> <span class='ocrx_word' id='word_1_45' title='bbox 430 1381 592 1460; x_wconf 77' lang='grc' dir='ltr'><em>βλέποιτο.</em></span> <span class='ocrx_word' id='word_1_46' title='bbox 627 1381 812 1448; x_wconf 89' lang='lat' dir='ltr'>Abresohius</span> <span class='ocrx_word' id='word_1_47' title='bbox 833 1381 953 1446; x_wconf 87' lang='lat' dir='ltr'>videndi</span> <span class='ocrx_word' id='word_1_48' title='bbox 972 1383 1227 1470; x_wconf 83' lang='lat' dir='ltr'>significationem</span> <span class='ocrx_word' id='word_1_49' title='bbox 1240 1383 1279 1448; x_wconf 88' lang='lat' dir='ltr'>ad</span> 
     </span>
     <span class='ocr_line' id='line_1_9' title="bbox 267 1501 1280 1588; baseline 0.003 -24"><span class='ocrx_word' id='word_1_50' title='bbox 267 1501 389 1566; x_wconf 87' lang='lat' dir='ltr'>vivendi</span> <span class='ocrx_word' id='word_1_51' title='bbox 416 1501 675 1588; x_wconf 84' lang='lat' dir='ltr'>¹significationem</span> <span class='ocrx_word' id='word_1_52' title='bbox 707 1502 864 1566; x_wconf 78' lang='lat' dir='ltr'>transferri</span> <span class='ocrx_word' id='word_1_53' title='bbox 888 1505 991 1588; x_wconf 81' lang='lat' dir='ltr'>putat,</span> <span class='ocrx_word' id='word_1_54' title='bbox 1016 1506 1051 1564; x_wconf 88' lang='lat' dir='ltr'>ut</span> <span class='ocrx_word' id='word_1_55' title='bbox 1072 1501 1226 1578; x_wconf 77' lang='grc' dir='ltr'><em>βλέποιτο</em></span> <span class='ocrx_word' id='word_1_56' title='bbox 1248 1509 1280 1568; x_wconf 89' lang='lat' dir='ltr'>et</span> 
     </span>
     <span class='ocr_line' id='line_1_10' title="bbox 267 1620 1279 1707; baseline -0.001 -22"><span class='ocrx_word' id='word_1_57' title='bbox 267 1621 431 1698; x_wconf 72' lang='grc' dir='ltr'><strong><em>θνήσκοντες</em></strong></span> <span class='ocrx_word' id='word_1_58' title='bbox 463 1625 527 1686; x_wconf 83' lang='grc'>846</span> <span class='ocrx_word' id='word_1_59' title='bbox 559 1623 639 1686; x_wconf 86' lang='lat' dir='ltr'>inter</span> <span class='ocrx_word' id='word_1_60' title='bbox 669 1643 701 1685; x_wconf 85' lang='lat' dir='ltr'>se</span> <span class='ocrx_word' id='word_1_61' title='bbox 731 1621 795 1685; x_wconf 89' lang='lat' dir='ltr'>siut</span> <span class='ocrx_word' id='word_1_62' title='bbox 817 1622 964 1707; x_wconf 82' lang='lat' dir='ltr'>opposita</span> <span class='ocrx_word' id='word_1_63' title='bbox 996 1620 1093 1684; x_wconf 83' lang='lat' dir='ltr'>Oredo</span> <span class='ocrx_word' id='word_1_64' title='bbox 1115 1625 1215 1686; x_wconf 89' lang='lat' dir='ltr'>tamen</span> <span class='ocrx_word' id='word_1_65' title='bbox 1241 1620 1279 1684; x_wconf 88' lang='lat' dir='ltr'>ad</span> 
     </span>
     <span class='ocr_line' id='line_1_11' title="bbox 268 1739 1279 1827; baseline 0.001 -23"><span class='ocrx_word' id='word_1_66' title='bbox 268 1741 510 1826; x_wconf 79' lang='lat' dir='ltr'>perspicuitatem</span> <span class='ocrx_word' id='word_1_67' title='bbox 544 1739 711 1827; x_wconf 85' lang='lat' dir='ltr'>pertinere,</span> <span class='ocrx_word' id='word_1_68' title='bbox 740 1745 776 1804; x_wconf 91' lang='lat' dir='ltr'>ut</span> <span class='ocrx_word' id='word_1_69' title='bbox 808 1759 914 1804; x_wconf 86' lang='lat' dir='ltr'>caecus</span> <span class='ocrx_word' id='word_1_70' title='bbox 946 1739 983 1803; x_wconf 90' lang='lat' dir='ltr'>de</span> <span class='ocrx_word' id='word_1_71' title='bbox 1012 1739 1140 1806; x_wconf 88' lang='lat' dir='ltr'>obscuro</span> <span class='ocrx_word' id='word_1_72' title='bbox 1166 1740 1279 1805; x_wconf 90' lang='lat' dir='ltr'>dicitur</span> 
     </span>
     <span class='ocr_line' id='line_1_12' title="bbox 269 1856 1280 1946; baseline -0.001 -22"><span class='ocrx_word' id='word_1_73' title='bbox 269 1859 349 1945; x_wconf 88' lang='lat' dir='ltr'>apud</span> <span class='ocrx_word' id='word_1_74' title='bbox 380 1859 468 1946; x_wconf 87' lang='lat' dir='ltr'>Virg.</span> <span class='ocrx_word' id='word_1_75' title='bbox 500 1859 573 1924; x_wconf 88' lang='lat' dir='ltr'>Geo.</span> <span class='ocrx_word' id='word_1_76' title='bbox 604 1858 708 1922; x_wconf 79' lang='lat'>1463</span> <span class='ocrx_word' id='word_1_77' title='bbox 733 1879 836 1924; x_wconf 86' lang='lat' dir='ltr'>caucos</span> <span class='ocrx_word' id='word_1_78' title='bbox 858 1856 1011 1924; x_wconf 85' lang='lat' dir='ltr'>tumultus</span> <span class='ocrx_word' id='word_1_79' title='bbox 1033 1859 1226 1944; x_wconf 84' lang='lat' dir='ltr'>fraudemque</span> <span class='ocrx_word' id='word_1_80' title='bbox 1249 1864 1280 1924; x_wconf 88' lang='lat' dir='ltr'>ct</span> 
     </span>
     <span class='ocr_line' id='line_1_13' title="bbox 267 1977 478 2065; baseline 0 -23"><span class='ocrx_word' id='word_1_81' title='bbox 267 1982 370 2065; x_wconf 88' lang='lat' dir='ltr'>operta</span> <span class='ocrx_word' id='word_1_82' title='bbox 392 1977 478 2042; x_wconf 89' lang='lat' dir='ltr'>bella.</span> 
     </span>
    </p>

    <p class='ocr_par' dir='ltr' id='par_1_4' title="bbox 269 2096 1281 2303">
     <span class='ocr_line' id='line_1_14' title="bbox 313 2096 1281 2184; baseline 0.002 -24"><span class='ocrx_word' id='word_1_83' title='bbox 313 2100 386 2161; x_wconf 90' lang='grc'><strong>845.</strong></span> <span class='ocrx_word' id='word_1_84' title='bbox 431 2096 500 2179; x_wconf 76' lang='grc' dir='ltr'>πρὸς</span> <span class='ocrx_word' id='word_1_85' title='bbox 519 2103 669 2174; x_wconf 76' lang='grc' dir='ltr'><em>νονοιικῶν.</em></span> <span class='ocrx_word' id='word_1_86' title='bbox 703 2100 870 2184; x_wconf 77' lang='lat' dir='ltr'>Acceperat</span> <span class='ocrx_word' id='word_1_87' title='bbox 889 2097 994 2160; x_wconf 89' lang='lat' dir='ltr'>famam</span> <span class='ocrx_word' id='word_1_88' title='bbox 1018 2120 1033 2160; x_wconf 89' lang='lat' dir='ltr'>a</span> <span class='ocrx_word' id='word_1_89' title='bbox 1055 2098 1190 2174; x_wconf 87' lang='lat' dir='ltr'>nutrice,</span> <span class='ocrx_word' id='word_1_90' title='bbox 1204 2119 1281 2182; x_wconf 90' lang='lat' dir='ltr'>quae</span> 
     </span>
     <span class='ocr_line' id='line_1_15' title="bbox 269 2215 1023 2303; baseline 0.001 -25"><span class='ocrx_word' id='word_1_91' title='bbox 269 2217 333 2303; x_wconf 86' lang='lat' dir='ltr'>ipsa</span> <span class='ocrx_word' id='word_1_92' title='bbox 356 2215 437 2280; x_wconf 88' lang='lat' dir='ltr'>illam</span> <span class='ocrx_word' id='word_1_93' title='bbox 462 2215 626 2302; x_wconf 85' lang='lat' dir='ltr'>pertulerat</span> <span class='ocrx_word' id='word_1_94' title='bbox 648 2216 738 2300; x_wconf 86' lang='lat' dir='ltr'>jussu</span> <span class='ocrx_word' id='word_1_95' title='bbox 760 2215 1023 2301; x_wconf 83' lang='lat' dir='ltr'>Clytaemnestrae.</span> 
     </span>
    </p>

    <p class='ocr_par' dir='ltr' id='par_1_5' title="bbox 271 2333 1280 2534">
     <span class='ocr_line' id='line_1_16' title="bbox 313 2333 1280 2415; baseline 0.001 -17"><span class='ocrx_word' id='word_1_96' title='bbox 313 2339 386 2400; x_wconf 86' lang='grc'><strong>846.</strong></span> <span class='ocrx_word' id='word_1_97' title='bbox 433 2333 586 2415; x_wconf 69' lang='grc' dir='ltr'><em>πεδάρσιοι.</em></span> <span class='ocrx_word' id='word_1_98' title='bbox 620 2333 745 2400; x_wconf 81' lang='lat' dir='ltr'>Formae</span> <span class='ocrx_word' id='word_1_99' title='bbox 767 2333 998 2400; x_wconf 90' lang='lat' dir='ltr'>similitudinem</span> <span class='ocrx_word' id='word_1_100' title='bbox 1020 2333 1090 2398; x_wconf 89' lang='lat' dir='ltr'>vide</span> <span class='ocrx_word' id='word_1_101' title='bbox 1109 2333 1280 2414; x_wconf 66' lang='grc' dir='ltr'><em>πεδαίχμιοι</em></span> 
     </span>
     <span class='ocr_line' id='line_1_17' title="bbox 271 2452 636 2534; baseline -0.008 -15"><span class='ocrx_word' id='word_1_102' title='bbox 271 2458 334 2520; x_wconf 87' lang='grc'>589</span> <span class='ocrx_word' id='word_1_103' title='bbox 359 2457 389 2517; x_wconf 87' lang='lat' dir='ltr'>et</span> <span class='ocrx_word' id='word_1_104' title='bbox 411 2452 539 2534; x_wconf 71' lang='grc' dir='ltr'><em>πεδοὶοοον</em></span> <span class='ocrx_word' id='word_1_105' title='bbox 564 2455 636 2516; x_wconf 88' lang='grc'><strong>590.</strong></span> 
     </span>
    </p>

    <p class='ocr_par' dir='ltr' id='par_1_6' title="bbox 271 2569 1281 2756">
     <span class='ocr_line' id='line_1_18' title="bbox 315 2569 1281 2650; baseline -0.001 -13"><span class='ocrx_word' id='word_1_106' title='bbox 315 2576 388 2650; x_wconf 89' lang='grc'><strong>846.</strong></span> <span class='ocrx_word' id='word_1_107' title='bbox 433 2572 597 2648; x_wconf 73' lang='grc' dir='ltr'><em>θνήσκοντες</em></span> <span class='ocrx_word' id='word_1_108' title='bbox 619 2569 726 2650; x_wconf 73' lang='grc' dir='ltr'>μοέοκν.</span> <span class='ocrx_word' id='word_1_109' title='bbox 772 2569 911 2642; x_wconf 79' lang='lat' dir='ltr'>Quorum</span> <span class='ocrx_word' id='word_1_110' title='bbox 934 2570 1005 2636; x_wconf 86' lang='lat' dir='ltr'>finis</span> <span class='ocrx_word' id='word_1_111' title='bbox 1025 2570 1172 2635; x_wconf 83' lang='lat' dir='ltr'>inaniret</span> <span class='ocrx_word' id='word_1_112' title='bbox 1191 2592 1281 2636; x_wconf 87' lang='lat' dir='ltr'>eveu-</span> 
     </span>
     <span class='ocr_line' id='line_1_19' title="bbox 271 2690 526 2756; baseline -0.004 -2"><span class='ocrx_word' id='word_1_113' title='bbox 271 2697 321 2756; x_wconf 89' lang='lat' dir='ltr'>tus</span> <span class='ocrx_word' id='word_1_114' title='bbox 344 2690 448 2755; x_wconf 79' lang='lat' dir='ltr'>nullus</span> <span class='ocrx_word' id='word_1_115' title='bbox 471 2694 526 2754; x_wconf 89' lang='lat' dir='ltr'>est.</span> 
     </span>
    </p>

    <p class='ocr_par' dir='ltr' id='par_1_7' title="bbox 314 2806 1281 2896">
     <span class='ocr_line' id='line_1_20' title="bbox 314 2806 1281 2896; baseline 0 -22"><span class='ocrx_word' id='word_1_116' title='bbox 314 2813 386 2874; x_wconf 88' lang='grc'><strong>850.</strong></span> <span class='ocrx_word' id='word_1_117' title='bbox 433 2807 521 2874; x_wconf 74' lang='grc' dir='ltr'><em>αὐτὸν</em></span> <span class='ocrx_word' id='word_1_118' title='bbox 544 2809 647 2872; x_wconf 71' lang='grc' dir='ltr'>αὐτῶν.</span> <span class='ocrx_word' id='word_1_119' title='bbox 694 2807 872 2872; x_wconf 88' lang='lat' dir='ltr'>Necessaria</span> <span class='ocrx_word' id='word_1_120' title='bbox 901 2806 975 2872; x_wconf 88' lang='lat' dir='ltr'>mihi</span> <span class='ocrx_word' id='word_1_121' title='bbox 998 2830 1136 2893; x_wconf 85' lang='lat' dir='ltr'>quoque,</span> <span class='ocrx_word' id='word_1_122' title='bbox 1160 2813 1194 2874; x_wconf 87' lang='lat' dir='ltr'>ut</span> <span class='ocrx_word' id='word_1_123' title='bbox 1216 2809 1281 2896; x_wconf 91' lang='lat' dir='ltr'>ple·</span> 
     </span>
    </p>
   </div>
   <div class='ocr_carea' id='block_1_3' title="bbox 269 2923 1278 3014">
    <p class='ocr_par' dir='ltr' id='par_1_8' title="bbox 269 2923 1278 3014">
     <span class='ocr_line' id='line_1_21' title="bbox 269 2923 1278 3014; baseline -0.001 -21"><span class='ocrx_word' id='word_1_124' title='bbox 269 2929 371 3014; x_wconf 89' lang='lat' dir='ltr'>risque</span> <span class='ocrx_word' id='word_1_125' title='bbox 400 2928 462 3012; x_wconf 89' lang='lat' dir='ltr'>jam</span> <span class='ocrx_word' id='word_1_126' title='bbox 493 2925 676 3001; x_wconf 82' lang='lat' dir='ltr'>editoribus,</span> <span class='ocrx_word' id='word_1_127' title='bbox 710 2923 784 2990; x_wconf 87' lang='lat' dir='ltr'>haec</span> <span class='ocrx_word' id='word_1_128' title='bbox 819 2926 988 2990; x_wconf 88' lang='lat' dir='ltr'>emendatio</span> <span class='ocrx_word' id='word_1_129' title='bbox 1020 2927 1157 3003; x_wconf 89' lang='lat' dir='ltr'>videtur,</span> <span class='ocrx_word' id='word_1_130' title='bbox 1184 2949 1278 3012; x_wconf 89' lang='lat' dir='ltr'>quum</span> 
     </span>
    </p>
   </div>
   <div class='ocr_carea' id='block_1_4' title="bbox 269 3044 1283 3964">
    <p class='ocr_par' dir='ltr' id='par_1_9' title="bbox 269 3044 1282 3607">
     <span class='ocr_line' id='line_1_22' title="bbox 269 3044 1281 3133; baseline 0 -21"><span class='ocrx_word' id='word_1_131' title='bbox 269 3047 341 3112; x_wconf 91' lang='lat' dir='ltr'>libri</span> <span class='ocrx_word' id='word_1_132' title='bbox 364 3045 493 3111; x_wconf 86' lang='lat' dir='ltr'>habeant</span> <span class='ocrx_word' id='word_1_133' title='bbox 516 3044 604 3117; x_wconf 72' lang='grc' dir='ltr'><em>αὐτὸς</em></span> <span class='ocrx_word' id='word_1_134' title='bbox 625 3045 721 3110; x_wconf 70' lang='grc' dir='ltr'>αὐτὸν.</span> <span class='ocrx_word' id='word_1_135' title='bbox 766 3045 960 3110; x_wconf 89' lang='lat' dir='ltr'>Hermanuas</span> <span class='ocrx_word' id='word_1_136' title='bbox 980 3050 1130 3132; x_wconf 79' lang='lat' dir='ltr'>praeterea</span> <span class='ocrx_word' id='word_1_137' title='bbox 1148 3068 1202 3133; x_wconf 86' lang='lat' dir='ltr'>pro</span> <span class='ocrx_word' id='word_1_138' title='bbox 1219 3045 1281 3128; x_wconf 78' lang='grc' dir='ltr'><em>πέρι</em></span> 
     </span>
     <span class='ocr_line' id='line_1_23' title="bbox 270 3162 1281 3250; baseline -0.001 -20"><span class='ocrx_word' id='word_1_139' title='bbox 270 3165 366 3232; x_wconf 85' lang='lat' dir='ltr'>edidit</span> <span class='ocrx_word' id='word_1_140' title='bbox 389 3163 481 3244; x_wconf 72' lang='grc' dir='ltr'><em>πάροι.</em></span> <span class='ocrx_word' id='word_1_141' title='bbox 527 3162 713 3231; x_wconf 86' lang='lat' dir='ltr'>Kleusenius</span> <span class='ocrx_word' id='word_1_142' title='bbox 736 3165 847 3229; x_wconf 87' lang='lat' dir='ltr'>retinet</span> <span class='ocrx_word' id='word_1_143' title='bbox 867 3165 1047 3250; x_wconf 86' lang='lat' dir='ltr'>scripturam</span> <span class='ocrx_word' id='word_1_144' title='bbox 1067 3164 1231 3240; x_wconf 87' lang='lat' dir='ltr'>librorum,</span> <span class='ocrx_word' id='word_1_145' title='bbox 1250 3173 1281 3229; x_wconf 90' lang='lat' dir='ltr'>et</span> 
     </span>
     <span class='ocr_line' id='line_1_24' title="bbox 270 3280 1282 3369; baseline -0.001 -21"><span class='ocrx_word' id='word_1_146' title='bbox 270 3281 358 3351; x_wconf 74' lang='grc' dir='ltr'><em>αὐτὸν</em></span> <span class='ocrx_word' id='word_1_147' title='bbox 388 3280 477 3362; x_wconf 69' lang='grc' dir='ltr'><strong><em>ἄνδρα</em></strong></span> <span class='ocrx_word' id='word_1_148' title='bbox 507 3282 635 3368; x_wconf 88' lang='lat' dir='ltr'>pendere</span> <span class='ocrx_word' id='word_1_149' title='bbox 657 3287 745 3369; x_wconf 89' lang='lat' dir='ltr'>putat</span> <span class='ocrx_word' id='word_1_150' title='bbox 769 3305 786 3346; x_wconf 87' lang='lat' dir='ltr'>a</span> <span class='ocrx_word' id='word_1_151' title='bbox 809 3281 889 3365; x_wconf 79' lang='grc' dir='ltr'><em>πέρι,</em></span> <span class='ocrx_word' id='word_1_152' title='bbox 912 3282 970 3348; x_wconf 91' lang='lat' dir='ltr'>boc</span> <span class='ocrx_word' id='word_1_153' title='bbox 994 3285 1082 3348; x_wconf 89' lang='lat' dir='ltr'>etiam</span> <span class='ocrx_word' id='word_1_154' title='bbox 1108 3284 1282 3349; x_wconf 86' lang='lat' dir='ltr'>accusativo</span> 
     </span>
     <span class='ocr_line' id='line_1_25' title="bbox 270 3400 1282 3488; baseline 0.002 -22"><span class='ocrx_word' id='word_1_155' title='bbox 270 3424 325 3467; x_wconf 90' lang='lat' dir='ltr'>suo</span> <span class='ocrx_word' id='word_1_156' title='bbox 348 3401 488 3488; x_wconf 84' lang='lat' dir='ltr'>postponi</span> <span class='ocrx_word' id='word_1_157' title='bbox 514 3400 617 3464; x_wconf 88' lang='lat' dir='ltr'>dicens</span> <span class='ocrx_word' id='word_1_158' title='bbox 645 3403 874 3486; x_wconf 70' lang='lat' dir='ltr'>agamiam:</span> <span class='ocrx_word' id='word_1_159' title='bbox 900 3400 940 3465; x_wconf 88' lang='lat' dir='ltr'>ibi</span> <span class='ocrx_word' id='word_1_160' title='bbox 966 3401 1085 3486; x_wconf 88' lang='lat' dir='ltr'>quidem</span> <span class='ocrx_word' id='word_1_161' title='bbox 1106 3402 1167 3469; x_wconf 88' lang='lat' dir='ltr'>tale</span> <span class='ocrx_word' id='word_1_162' title='bbox 1182 3425 1282 3468; x_wconf 87' lang='lat' dir='ltr'>exem-</span> 
     </span>
     <span class='ocr_line' id='line_1_26' title="bbox 270 3519 859 3607; baseline -0.007 -21"><span class='ocrx_word' id='word_1_163' title='bbox 270 3521 351 3607; x_wconf 89' lang='lat' dir='ltr'>plum</span> <span class='ocrx_word' id='word_1_164' title='bbox 377 3542 438 3584; x_wconf 93' lang='lat' dir='ltr'>nou</span> <span class='ocrx_word' id='word_1_165' title='bbox 461 3519 600 3597; x_wconf 87' lang='lat' dir='ltr'>invenio,</span> <span class='ocrx_word' id='word_1_166' title='bbox 623 3519 678 3584; x_wconf 91' lang='lat' dir='ltr'>sed</span> <span class='ocrx_word' id='word_1_167' title='bbox 703 3519 783 3584; x_wconf 87' lang='lat' dir='ltr'>Pers.</span> <span class='ocrx_word' id='word_1_168' title='bbox 808 3523 859 3584; x_wconf 87' lang='lat'>61.</span> 
     </span>
    </p>

    <p class='ocr_par' dir='ltr' id='par_1_10' title="bbox 269 3637 1283 3964">
     <span class='ocr_line' id='line_1_27' title="bbox 314 3637 1283 3725; baseline 0.003 -22"><span class='ocrx_word' id='word_1_169' title='bbox 314 3644 387 3704; x_wconf 89' lang='grc'><strong>854.</strong></span> <span class='ocrx_word' id='word_1_170' title='bbox 432 3637 525 3720; x_wconf 79' lang='grc' dir='ltr'><em>Φρένοι</em></span> <span class='ocrx_word' id='word_1_171' title='bbox 554 3639 703 3719; x_wconf 71' lang='grc' dir='ltr'><em>κλέψειεν,</em></span> <span class='ocrx_word' id='word_1_172' title='bbox 750 3638 802 3702; x_wconf 83' lang='lat' dir='ltr'>Sic</span> <span class='ocrx_word' id='word_1_173' title='bbox 831 3638 909 3704; x_wconf 91' lang='lat' dir='ltr'>libri.</span> <span class='ocrx_word' id='word_1_174' title='bbox 956 3638 1156 3725; x_wconf 70' lang='lat' dir='ltr'>conjecturae</span> <span class='ocrx_word' id='word_1_175' title='bbox 1182 3641 1283 3706; x_wconf 86' lang='lat' dir='ltr'>factae</span> 
     </span>
     <span class='ocr_line' id='line_1_28' title="bbox 270 3755 1280 3842; baseline 0 -18"><span class='ocrx_word' id='word_1_176' title='bbox 270 3763 343 3824; x_wconf 88' lang='lat' dir='ltr'>sunt</span> <span class='ocrx_word' id='word_1_177' title='bbox 365 3755 444 3838; x_wconf 79' lang='grc' dir='ltr'><strong><em>Φοέν’</em></strong></span> <span class='ocrx_word' id='word_1_178' title='bbox 467 3755 503 3822; x_wconf 71' lang='grc' dir='ltr'>ἂν</span> <span class='ocrx_word' id='word_1_179' title='bbox 526 3757 675 3838; x_wconf 72' lang='grc' dir='ltr'><strong><em>κλέψειεν,</em></strong></span> <span class='ocrx_word' id='word_1_180' title='bbox 698 3757 793 3840; x_wconf 77' lang='grc' dir='ltr'><em>φρένοι</em></span> <span class='ocrx_word' id='word_1_181' title='bbox 815 3757 929 3838; x_wconf 61' lang='lat' dir='ltr'>united</span> <span class='ocrx_word' id='word_1_182' title='bbox 951 3757 1005 3830; x_wconf 75' lang='grc' dir='ltr'>ἂν,</span> <span class='ocrx_word' id='word_1_183' title='bbox 1025 3758 1118 3842; x_wconf 80' lang='grc' dir='ltr'><em>φρένοο</em></span> <span class='ocrx_word' id='word_1_184' title='bbox 1136 3759 1280 3838; x_wconf 76' lang='grc' dir='ltr'><em>κλέψειεν.</em></span> 
     </span>
     <span class='ocr_line' id='line_1_29' title="bbox 269 3873 1279 3964; baseline 0 -22"><span class='ocrx_word' id='word_1_185' title='bbox 269 3876 328 3942; x_wconf 84' lang='lat' dir='ltr'>Sed</span> <span class='ocrx_word' id='word_1_186' title='bbox 351 3873 429 3940; x_wconf 89' lang='lat' dir='ltr'>nihil</span> <span class='ocrx_word' id='word_1_187' title='bbox 452 3875 629 3941; x_wconf 89' lang='lat' dir='ltr'>mutandum</span> <span class='ocrx_word' id='word_1_188' title='bbox 657 3876 793 3942; x_wconf 87' lang='lat' dir='ltr'>videtur:</span> <span class='ocrx_word' id='word_1_189' title='bbox 818 3876 854 3942; x_wconf 91' lang='lat' dir='ltr'>de</span> <span class='ocrx_word' id='word_1_190' title='bbox 873 3899 997 3942; x_wconf 88' lang='lat' dir='ltr'>numero</span> <span class='ocrx_word' id='word_1_191' title='bbox 1021 3877 1131 3964; x_wconf 91' lang='lat' dir='ltr'>plurali</span> <span class='ocrx_word' id='word_1_192' title='bbox 1156 3880 1193 3943; x_wconf 89' lang='lat' dir='ltr'>cf.</span> <span class='ocrx_word' id='word_1_193' title='bbox 1214 3882 1279 3942; x_wconf 87' lang='grc'>840</span> 
     </span>
    </p>
   </div>
   <div class='ocr_carea' id='block_1_5' title="bbox 267 3993 1280 4193">
    <p class='ocr_par' dir='ltr' id='par_1_11' title="bbox 267 3993 1280 4193">
     <span class='ocr_line' id='line_1_30' title="bbox 270 3993 1280 4062; baseline 0.002 -2"><span class='ocrx_word' id='word_1_194' title='bbox 270 4000 301 4060; x_wconf 87' lang='lat' dir='ltr'>et</span> <span class='ocrx_word' id='word_1_195' title='bbox 330 3994 488 4058; x_wconf 85' lang='lat' dir='ltr'>annotatio</span> <span class='ocrx_word' id='word_1_196' title='bbox 515 3993 550 4058; x_wconf 88' lang='lat' dir='ltr'>ad</span> <span class='ocrx_word' id='word_1_197' title='bbox 577 3997 649 4060; x_wconf 86' lang='grc'><strong>718.</strong></span> <span class='ocrx_word' id='word_1_198' title='bbox 697 3995 743 4062; x_wconf 88' lang='lat' dir='ltr'>Dc</span> <span class='ocrx_word' id='word_1_199' title='bbox 765 3995 901 4060; x_wconf 74' lang='grc' dir='ltr'>κλέπτειν</span> <span class='ocrx_word' id='word_1_200' title='bbox 925 3997 962 4061; x_wconf 84' lang='lat' dir='ltr'>cl.</span> <span class='ocrx_word' id='word_1_201' title='bbox 988 3995 1077 4060; x_wconf 91' lang='lat' dir='ltr'>Hom.</span> <span class='ocrx_word' id='word_1_202' title='bbox 1105 3995 1142 4061; x_wconf 92' lang='grc' dir='ltr'>ΙΙ.</span> <span class='ocrx_word' id='word_1_203' title='bbox 1162 3999 1190 4062; x_wconf 91' lang='lat' dir='ltr'>A</span> <span class='ocrx_word' id='word_1_204' title='bbox 1214 4001 1280 4062; x_wconf 77' lang='lat'>132</span> 
     </span>
     <span class='ocr_line' id='line_1_31' title="bbox 267 4110 524 4193; baseline 0.004 -15"><span class='ocrx_word' id='word_1_205' title='bbox 267 4113 310 4192; x_wconf 68' lang='lat' dir='ltr'>ub</span> <span class='ocrx_word' id='word_1_206' title='bbox 333 4113 444 4179; x_wconf 81' lang='grc' dir='ltr'><em>κλέπτε</em></span> <span class='ocrx_word' id='word_1_207' title='bbox 465 4110 524 4193; x_wconf 77' lang='grc' dir='ltr'>νόῳ.</span> 
     </span>
    </p>
   </div>
   <div class='ocr_carea' id='block_1_6' title="bbox 255 4231 1405 4314">
    <p class='ocr_par' dir='ltr' id='par_1_12' title="bbox 255 4231 1405 4314">
     <span class='ocr_line' id='line_1_32' title="bbox 255 4231 1405 4314; baseline -0.002 -12"><span class='ocrx_word' id='word_1_208' title='bbox 255 4295 259 4302; x_wconf 93' lang='grc'><strong>.</strong></span> <span class='ocrx_word' id='word_1_209' title='bbox 315 4237 389 4300; x_wconf 85' lang='grc'><strong>854.</strong></span> <span class='ocrx_word' id='word_1_210' title='bbox 434 4231 665 4312; x_wconf 63' lang='lat' dir='ltr'>deremendum.</span> <span class='ocrx_word' id='word_1_211' title='bbox 723 4235 762 4300; x_wconf 87' lang='lat' dir='ltr'>Se</span> <span class='ocrx_word' id='word_1_212' title='bbox 794 4233 946 4302; x_wconf 89' lang='lat' dir='ltr'>intentum</span> <span class='ocrx_word' id='word_1_213' title='bbox 982 4236 1046 4300; x_wconf 87' lang='lat' dir='ltr'>iore</span> <span class='ocrx_word' id='word_1_214' title='bbox 1076 4237 1202 4302; x_wconf 80' lang='lat' dir='ltr'>affirmat</span> <span class='ocrx_word' id='word_1_215' title='bbox 1235 4237 1280 4314; x_wconf 84' lang='lat' dir='ltr'>is,</span> <span class='ocrx_word' id='word_1_216' title='bbox 1402 4247 1405 4252; x_wconf 83' lang='lat'>&#39;</span> 
     </span>
    </p>
   </div>
   <div class='ocr_carea' id='block_1_7' title="bbox 0 0 1491 4974">
    <p class='ocr_par' dir='ltr' id='par_1_13' title="bbox 0 0 1491 4974">
     <span class='ocr_line' id='line_1_33' title="bbox 0 0 1491 4974; baseline 0 0"><span class='ocrx_word' id='word_1_217' title='bbox 0 0 1491 4974; x_wconf 95' lang='lat' dir='ltr'> </span> 
     </span>
    </p>
   </div>
  </div>
 </body>
</html>
