2956 4974
363 472 404 532 82
764 487 963 534 assensero.

407 673 459 734 68.
503 669 640 752 διαφέρει.
686 668 856 736 Scholiasta
885 669 1106 750 διασπαράσσει.
1152 671 1239 736 (lonf.
1267 669 1368 734 Plaut.

361 785 469 852 Pseud.
492 791 562 852 Act.
585 789 603 852 Ι
627 809 668 854 so.
691 789 745 852 III
769 792 831 854 125
865 787 947 873 ajam
974 811 1030 875 ego
1053 793 1085 854 te
1107 789 1242 854 differam
1266 787 1368 853 verbis

360 904 471 971 meis:''
493 905 546 970 ubi
569 907 679 992 pariter
701 905 821 972 differre
851 906 1007 972 cruciandi
1038 911 1068 972 et
1096 908 1225 972 vexandi
1248 907 1370 994 signifi·

361 1025 509 1089 cationem
532 1023 630 1088 habet.
665 1024 707 1088 Et
729 1025 763 1089 in
785 1046 817 1089 re
839 1024 962 1110 quidem
984 1023 1075 1111 longa
1093 1025 1167 1100 elia,
1190 1047 1246 1090 nec
1265 1030 1370 1088 tamen

363 1143 587 1230 significatione
617 1141 749 1221 diversa,
785 1142 910 1208 Poenul.
932 1147 970 1209 A.
999 1143 1081 1208 Iac.
1104 1144 1121 1207 Ι
1146 1148 1186 1208 28
1221 1144 1372 1208 adifferor

360 1260 503 1348 cupidine
525 1258 616 1345 ejus.''

405 1383 455 1447 70.
503 1380 566 1444 Hic
596 1401 700 1444 versus
730 1378 903 1445 inconsulto
933 1383 1055 1466 propter
1085 1401 1128 1444 va.
1154 1383 1195 1444 65
1219 1381 1370 1468 repetitus

359 1498 480 1563 videtur
499 1503 529 1562 et
548 1497 724 1582 ejiciendus.
758 1497 858 1562 Etiam
878 1497 975 1579 βρύειν
998 1519 1037 1562 ex
1059 1519 1146 1562 versu
1169 1497 1371 1585 praecedente

357 1616 499 1682 nonnulli
529 1616 712 1701 ejiciendum
743 1621 871 1703 putant:
905 1639 1008 1682 verum
1039 1617 1097 1682 hoc
1119 1618 1219 1703 ipsum
1242 1617 1369 1682 verbum

357 1757 392 1800 eo
415 1737 511 1822 magis
533 1735 725 1802 retinendum
749 1735 887 1814 videtur,
909 1737 981 1820 qnia
999 1743 1065 1800 tum
1090 1736 1210 1800 facilius
1232 1735 1369 1822 intelligi

355 1859 472 1942 potest,
502 1853 659 1920 librarium
682 1854 858 1942 repetivisse
882 1877 1015 1933 versum,
1048 1856 1102 1940 qui
1125 1862 1196 1942 post
1217 1854 1301 1936 βρύει
1327 1857 1369 1918 64

355 1977 479 2038 secutus
501 1973 619 2038 fuisset.

402 2095 452 2158 71.
498 2089 613 2168 οθροιτι.
659 2092 723 2158 Alii
747 2089 784 2156 de
807 2090 982 2175 conjectura
1004 2091 1121 2168 θιγόντι.

400 2214 451 2278 73.
495 2216 671 2292 χαιρορινσῆ.
716 2209 782 2275 alii
807 2211 843 2276 de
865 2211 1040 2295 conjectura
1060 2217 1220 2292 χερομυσῆ.

400 2333 450 2395 74.
495 2328 583 2393 Libri
605 2328 691 2413 φόνοι
712 2329 894 2410 καθαίροντες
916 2331 1014 2396 ἰοῦσαν
1037 2326 1121 2403 ἄταν.
1161 2327 1252 2401 Quod
1277 2326 1367 2392 acho-

354 2446 444 2512 liasta
478 2448 521 2512 ita
551 2447 699 2535 explicat,
733 2455 769 2513 ut
800 2449 903 2513 Attice
934 2449 995 2513 dici
1027 2447 1101 2512 velit
1129 2446 1273 2528 καθαίρειν
1297 2467 1365 2512 cnm

356 2565 473 2653 duplici
497 2568 685 2643 accusativo,
708 2567 802 2632 altero
825 2568 890 2652 ejus
914 2569 966 2652 qui
990 2571 1153 2654 purgetur,
1184 2565 1279 2631 altero
1302 2563 1366 2649 ejus

346 2684 414 2762 rei,
443 2706 503 2769 qua
532 2686 601 2770 quis
624 2691 789 2772 purgetur:
824 2687 950 2752 flumina
977 2708 1049 2772 ergo
1073 2691 1184 2750 cuncta
1207 2706 1269 2749 non
1294 2704 1366 2771 pur-

355 2825 425 2892 gare
447 2804 568 2869 caedem
590 2804 776 2884 calamitate,
806 2828 882 2891 quae
913 2806 948 2870 ad
973 2804 1056 2869 illam
1082 2805 1198 2880 veniat,
1219 2805 1239 2868 i.
1255 2827 1280 2868 e.
1303 2824 1365 2868 non

352 2921 438 2988 illam
468 2945 597 3017 purgare
626 2945 731 3010 poena.
778 2925 846 2988 Nec
875 2925 983 2988 melius
1014 2923 1119 3002 video,
1155 2923 1181 2987 ai
1212 2923 1364 3008 scriptura

353 3042 514 3107 retinenda
529 3047 582 3106 eet.
616 3041 718 3106 Etiam
741 3041 823 3108 11.ss
846 3046 909 3108 667
935 3037 1014 3121 αἶρια
1034 3041 1151 3122 κάθηρον
1174 3040 1364 3122 Σαρπηδόνος

353 3165 384 3226 et
407 3160 522 3225 Herod.
544 3161 561 3224 I
585 3164 627 3226 43
659 3161 672 3224 θ
694 3159 842 3242 καθαρθεὶς
865 3160 913 3226 τὸν
935 3161 1031 3244 Φθνον.
1071 3160 1206 3246 Scaliger
1229 3163 1260 3224 et
1283 3160 1363 3224 Gan-

351 3283 433 3344 teraa
458 3278 620 3344 volucrunt
641 3283 750 3344 λοῦσαν
773 3277 887 3358 μα’τκν,
911 3280 1064 3365 Stanlejua
1088 3277 1230 3344 ἕλκουσαν
1252 3277 1362 3356 μιθτκν.

349 3396 393 3461 ut
416 3395 491 3461 aliae
514 3395 706 3481 conjecturae
723 3403 796 3462 suut
815 3420 832 3460 a
851 3398 926 3462 viris
945 3398 1046 3462 doctis
1066 3397 1245 3484 propositae.
1279 3393 1360 3461 Mihi

351 3513 513 3601 aliquando
537 3516 714 3601 conjicienti
738 3515 929 3580 scribendum
952 3516 1113 3581 videbatur
1134 3513 1250 3581 Ξιθσαντ’
1269 3513 1361 3592 ἄτην,

351 3633 413 3709 vel,
435 3634 462 3698 ei
485 3635 603 3698 senario
625 3656 702 3720 opus
729 3639 811 3698 erat:
844 3632 930 3717 Φόνον
951 3633 1133 3716 καθαίροντες
1156 3635 1223 3698 τοτ’
1244 3629 1361 3699 ἱιὶσαντ’

350 3749 443 3827 ἄταις
466 3753 492 3816 si
517 3752 621 3817 saltem
645 3753 679 3816 in
701 3752 810 3817 ultime
833 3774 907 3818 voce
928 3753 1011 3840 prior
1033 3752 1149 3836 syllaba
1172 3752 1283 3838 corripi
1308 3773 1361 3838 po-
1446 3761 1449 3766 '

348 3873 442 3948 terat,
472 3869 554 3952 quod
589 3893 624 3935 ex
648 3869 716 3934 loco
740 3868 867 3934 Homeri
890 3871 928 3934 Il.
955 3879 981 3934 'r
1005 3873 1069 3934 332
1091 3869 1217 3936 etatum
1246 3871 1361 3934 efficere

349 4008 411 4052 non
443 3988 549 4052 ausim.
596 3988 742 4053 Nondum
775 3989 974 4052 mutationem
1002 3988 1129 4067 suadeo,
1152 3988 1222 4073 quie
1245 3987 1357 4052 nullam

349 4107 423 4172 satie
452 4105 555 4193 probo.
600 4105 740 4172 Ceterum
771 4108 921 4173 sententia
950 4106 1024 4172 haec
1055 4113 1119 4172 eet:
1152 4128 1208 4170 nec
1231 4105 1358 4198 violatae

349 4225 515 4311 pudicitiae
546 4222 717 4304 muliebris,
746 4247 804 4291 nec
835 4224 936 4290 caedis
958 4225 1089 4290 nefariae
1111 4246 1238 4311 usquam
1261 4223 1356 4290 ullum
