2972 4974
625 445 823 488 nnuorn'rro.
1167 429 1227 488 165

222 633 315 693 morte
344 628 470 692 Orestae
499 631 622 714 accepto
652 627 771 692 laetata.
817 627 950 693 Fuerant
980 649 1052 714 ergo
1083 649 1155 694 sane
1177 627 1230 694 illa

223 747 308 814 verba
324 747 478 834 Apollinis
501 747 618 828 κρυπτά
640 750 669 810 et
689 743 824 823 άσκοτοο,
846 746 967 812 occulta
989 769 1044 812 nec
1069 748 1149 824 visa,
1171 749 1191 812 i.
1207 769 1231 812 e.

222 889 274 931 nec
299 865 462 932 intellecta.
507 865 574 930 Jam
600 863 736 942 Chorus,
759 864 795 929 ad
823 863 896 930 haec
919 866 1098 951 respiciens,
1122 865 1229 932 vatici-

222 987 320 1050 nantis
351 986 448 1048 instar
478 985 641 1072 praedicit,
673 983 785 1048 similia
816 984 975 1070 pravitatis
1005 985 1093 1049 etiam
1128 990 1231 1072 postea

222 1127 280 1170 non
312 1105 451 1169 defutura
483 1103 635 1190 exempla:
671 1103 767 1168 multa
797 1101 971 1188 hujusmodi
1001 1104 1064 1168 fore
1093 1104 1230 1182 oracula,

220 1246 294 1309 quae
317 1246 378 1289 nou
398 1223 573 1310 intelligant
591 1223 631 1299 ii,
654 1222 691 1286 sd
715 1245 791 1307 quos
810 1230 936 1288 eventus
955 1223 1143 1290 oraculorum
1165 1247 1229 1290 sce·

220 1343 349 1429 lorisque
370 1364 466 1428 poena
489 1346 669 1429 perventura
693 1341 771 1406 sint:
794 1341 953 1428 ipsumque
978 1341 1077 1408 Deum
1099 1342 1136 1408 ad
1160 1342 1230 1408 illos

219 1463 387 1528 sarrientem
421 1462 536 1526 vultum
569 1461 694 1526 induere
722 1463 883 1525 nocturnis
906 1461 1055 1540 tenebris,
1078 1485 1153 1548 quac
1175 1485 1230 1528 neo

220 1581 352 1646 interdiu
383 1579 547 1645 solvantur.
594 1579 663 1652 Qua
693 1581 824 1667 imagine
854 1603 915 1644 nou
945 1587 1064 1647 tantum
1093 1580 1230 1648 obscuri·
1298 1595 1301 1608 '

218 1706 280 1779 tas,
315 1705 350 1766 ut
383 1701 574 1787 inopinantes
609 1699 775 1786 opprimat,
811 1721 913 1764 verum
947 1701 1038 1766 etiam
1072 1703 1229 1768 iracundia

219 1819 414 1906 significatur.
461 1818 508 1883 uf.
530 1817 620 1903 hujus
643 1818 816 1904 tragoediae
840 1821 978 1884 61-65.
1025 1819 1125 1886 Etiam
1149 1821 1228 1908 apud

221 1937 383 2002 Homerum
406 1936 536 2024 Apollo,
560 1937 683 2002 Graecis
710 1937 858 2002 missurus
882 1959 1007 2024 poenam
1031 1942 1060 2003 et
1083 1939 1228 2025 pestilen-

217 2057 306 2134 tiam,
338 2055 382 2132 ἤϊε
412 2056 490 2121 νυκτὶ
520 2057 629 2133 ἐοικὼς,
659 2055 697 2118 ll.
728 2059 757 2120 A
788 2060 849 2122 47:
885 2063 914 2122 ct
945 2056 1026 2144 apud
1059 2057 1227 2123 Hesiodum

217 2174 361 2251 lustitia,
384 2173 523 2238 mortales
547 2175 705 2261 punitura,
736 2175 817 2239 veuit
840 2175 908 2256 ἠέροο
930 2175 1092 2254 ὀσσομένη,
1115 2177 1164 2263 Op
1195 2181 1227 2242 et

220 2293 255 2356 D.
280 2296 359 2369 223,
390 2299 420 2357 et
451 2293 592 2358 custodes
622 2293 710 2359 Jovis
746 2293 884 2360 mortales
918 2317 1079 2380 eorumque
1113 2295 1228 2380 injusta

218 2413 351 2478 facinora
373 2410 534 2477 observant
555 2411 623 2492 ἧάροο
645 2411 812 2491 ἑσσάμενοι,
835 2412 907 2478 ibid.
932 2417 1004 2478 255.

261 2536 335 2598 816.
380 2531 492 2614 κρύπτ’.
539 2533 626 2598 Libri
649 2531 774 2612 κρυπταὶ.

261 2656 335 2717 817.
380 2650 473 2716 adara
496 2649 548 2731 τοό
569 2654 597 2716 τ’
619 2650 760 2731 ὀμμάτων
783 2650 883 2717 σκότον
905 2651 996 2734 φέρει.
1043 2653 1067 2716 Ι.
1088 2674 1111 2716 c.
1134 2651 1227 2718 νάκτοο

82 2783 83 2848 ᾗ
216 2771 314 2836 οκότον
344 2795 378 2835 τε
409 2770 460 2850 τρὸ
490 2769 631 2848 ὀμμάτων
652 2769 742 2852 Φέρει.
790 2769 896 2835 Dictio
924 2769 977 2850 τρὸ
1000 2769 1141 2849 ὀμμάτων
1164 2793 1225 2836 nou

216 2889 293 2954 male
315 2912 333 2952 a
356 2887 518 2953 scholiasta
540 2888 784 2982 explicaturrrpt
807 2894 858 2954 τοῦ
880 2889 1036 2969 προσώπου.
1071 2889 1141 2954 Alia
1163 2890 1227 2976 sig·

217 3009 392 3074 nificatione
423 3008 536 3074 dicitur
567 3009 646 3095 apud
678 3008 875 3074 Aristotelem
898 3008 951 3090 πρὸ
973 3005 1114 3089 ὀμμάτων
1137 3015 1225 3074 ποιεῖν

217 3126 307 3192 Rhet.
329 3127 365 3190 II
389 3131 425 3202 8,
448 3133 478 3191 et
499 3125 624 3192 τόὀεσόοον
647 3128 731 3192 Poet.
752 3131 810 3206 17,
834 3131 864 3192 et
887 3127 966 3214 apud
990 3126 1224 3194 Demosthenem

216 3247 268 3328 apd
291 3252 348 3311 τῶν
371 3247 530 3328 ὀφόοολμάν
552 3247 691 3312 τονεῑσάοον
715 3245 781 3310 adv.
804 3247 939 3333 Aristog.
962 3247 997 3310 Il
1021 3269 1048 3332 p.
1074 3249 1147 3312 808.

261 3368 335 3430 819.
380 3366 430 3430 acl
453 3365 521 3431 τότε
543 3366 632 3440 δήπου
654 3366 711 3432 τὸν.
758 3363 845 3431 Libri
871 3364 920 3430 aad
943 3363 1011 3432 τότε
1033 3365 1066 3438 δὴ
1090 3371 1224 3432 πλοῦτον.

219 3484 317 3550 Nobis
340 3484 574 3569 conjicientibus
599 3483 790 3550 scribendum
813 3505 876 3550 esse
900 3483 995 3552 visum
1021 3488 1067 3548 cst
1089 3483 1139 3548 acl
1157 3483 1226 3549 τότε

218 3602 305 3678 aaron
329 3603 396 3680 τὸν,
420 3608 450 3668 et
469 3602 575 3680 colon,
597 3603 678 3689 quod
697 3607 765 3690 post
786 3603 867 3668 τόλεν
891 3601 991 3666 adhuc
1015 3603 1226 3668 convenienter

217 3722 413 3809 explicationi
437 3721 616 3788 scholiastae
639 3723 770 3809 positum
793 3723 868 3798 suit,
898 3727 966 3808 post
989 3723 1150 3800 μεθήσομεν
1173 3743 1226 3806 po-

218 3841 342 3906 suimus
389 3839 541 3918 Mutatio,
571 3861 660 3926 qnam
691 3840 865 3918 suademus,
896 3839 995 3904 facilis
1011 3845 1082 3903 est:
1115 3840 1226 3904 etenim

217 3959 247 4022 in
291 3957 405 4024 unciali
448 3961 598 4047 scriptura
642 3961 690 4024 vix
728 3959 876 4046 distingui
919 3959 999 4024 inter
1032 3981 1063 4024 se
1098 3963 1226 4044 possunt

218 4077 353 4142 lirmbda
383 4084 414 4143 et
436 4079 489 4157 Pi,
521 4083 555 4144 ut
583 4079 671 4144 docet
695 4080 818 4144 Bestius
842 4079 873 4143 in
897 4078 1151 4144 commentatione
1173 4099 1225 4164 pa-

217 4195 425 4288 laeographica
446 4222 474 4286 p.
492 4201 572 4277 730,
594 4203 625 4264 et
648 4205 747 4287 aperte
769 4199 936 4266 ostendunt
958 4197 1093 4288 exempla
1116 4195 1226 4268 Ἀτόλ-
