2956 4974
355 469 398 530 94
756 483 956 531 nnuornnro.

401 669 473 732 107.
517 665 695 731 duom-cluet.
740 665 778 728 In
806 665 842 730 M
863 664 999 752 plerique
1021 667 1131 732 dicunt
1153 687 1217 730 esse
1238 663 1355 744 ὦσισρί-

354 807 421 862 σειν,
441 783 493 850 sed
515 783 707 848 Hermcnuus
734 783 826 862 dicit,
849 785 893 850 ibi
916 785 958 850 ito
976 786 1124 874 scriptum
1145 807 1211 850 esse
1225 781 1354 850 νὶσισσιί-

355 927 423 981 σειι,
437 909 473 968 ut
488 903 577 968 etium
593 903 759 984 δσοσριίσσν
773 902 834 990 legi
846 905 951 991 possit.
973 904 1173 971 Robortellus
1183 901 1356 979 ἁσοννιίξνν.

400 1023 473 1086 200.
518 1021 660 1100 ἄγαλμα.
695 1021 842 1086 Continet
860 1021 912 1086 hic
928 1045 1030 1090 versus
1046 1025 1266 1112 oppositionem
1277 1043 1356 1108 proe-

356 1139 490 1206 cedenlis
515 1139 662 1206 infinitivi
690 1140 876 1220 σνμσενίεῖνι
900 1139 1005 1229 lugere
1027 1164 1144 1208 mecum
1167 1145 1283 1230 posset,
1303 1139 1354 1224 qui

355 1257 457 1324 luctus
479 1259 557 1324 foret
577 1265 784 1324 oruamentum
808 1259 921 1325 tumuli
944 1266 975 1326 et
994 1262 1090 1348 putris
1109 1260 1214 1326 honor.
1245 1257 1357 1326 Similis

356 1378 543 1444 constructio
566 1383 612 1443 est
633 1381 710 1457 155,
733 1383 764 1444 et
786 1378 866 1466 opud
891 1378 1074 1457 Homerum,
1098 1379 1136 1446 Il.
1160 1389 1196 1444 Ω
1219 1382 1281 1446 735

465 1497 540 1578 ῥίψει
561 1497 657 1579 χειρὸς
679 1497 748 1562 ἑλὼν
769 1497 830 1563 σίν-δ
853 1497 979 1580 πύρνον,
1004 1499 1109 1580 λννρδν
1132 1497 1247 1580 uulpes.

401 1617 474 1680 202.
519 1614 606 1691 δίκην.
652 1615 739 1680 Libri
773 1613 885 1681 hubent
920 1615 1075 1697 dativum,
1107 1638 1197 1702 quem
1225 1615 1359 1701 agnoscit

357 1731 529 1798 scholiasta.

401 1855 475 1916 205.
519 1852 557 1916 Ιιι
581 1850 640 1916 hoc
663 1851 860 1938 vestigiorum
891 1851 1025 1930 indicio,
1055 1850 1138 1936 quod
1161 1850 1221 1917 sibi
1245 1851 1359 1916 Electra

356 1970 515 2057 proponit,
538 1969 755 2036 attendendum
785 1975 846 2047 est,
873 1969 907 2034 id
937 1969 1020 2055 quod
1051 1970 1103 2034 clii
1133 1974 1215 2035 recte
1238 1991 1359 2050 monue-

356 2094 446 2168 runt,
476 2089 570 2154 fuisse
599 2088 714 2174 alioqui
744 2089 979 2176 Agamemnonis
1010 2087 1163 2153 tumulum
1187 2087 1360 2154 desertum:

356 2210 391 2270 ut
414 2211 522 2293 sponte
542 2206 575 2270 in
599 2207 801 2293 suspicionem
825 2206 952 2271 Orestes
973 2205 1026 2271 illc
1049 2207 1151 2272 venire
1174 2205 1320 2270 debuerit.

403 2326 476 2389 200.
521 2322 609 2389 Libri
632 2324 721 2390 σιδῶν
744 2324 776 2388 δ’.

401 2445 474 2508 206.
519 2443 614 2522 tuctu.
658 2443 774 2508 Iterum
797 2442 935 2520 attende,
965 2448 1001 2508 ut
1022 2441 1061 2506 ad
1085 2445 1147 2506 180
1172 2442 1360 2516 monuimus,

356 2563 492 2648 poeticae
521 2561 666 2646 Aeschyli
694 2562 840 2626 orationis
865 2561 981 2649 copium
1004 2566 1034 2625 et
1058 2563 1251 2626 varietatem:
1279 2561 1362 2625 simi·

358 2681 517 2748 litudinem
548 2681 724 2768 exprimunt
754 2680 899 2746 vocabulo
929 2687 959 2747 et
988 2681 1175 2747 locutiones:
1210 2684 1275 2747 174
1298 2680 1363 2746 ἲδεῖν
1462 2779 1463 2782 ¹

358 2798 525 2880 δμίσσερσς,
561 2803 623 2867 176
659 2800 819 2882 προσφερὴς
853 2799 937 2875 ἰδεῖν,
973 2802 1036 2864 179
1067 2798 1263 2880 προσείδεται,
1300 2800 1361 2862 206

357 2920 457 2996 lucin,
480 2919 631 3002 ἐμφερεῖς,
657 2920 720 2983 210
744 2921 784 2992 εἰς
806 2917 899 2984 radul
921 2917 1132 2998 σνμβειίνσνσι,
1161 2922 1223 2985 227
1248 2915 1363 2998 ξύμμε-

355 3060 429 3118 ιρις.

401 3159 474 3220 211.
520 3155 614 3220 Hunc
636 3177 895 3241 quoquoversum
921 3156 948 3220 si
971 3177 1039 3219 oum
1061 3158 1125 3219 183
1149 3158 1179 3219 et
1198 3157 1263 3219 184
1284 3175 1364 3220 com·

354 3295 456 3361 putes,
478 3273 557 3338 idem
581 3275 760 3361 comperies,
795 3273 876 3360 quod
900 3273 987 3339 modo
1010 3271 1175 3338 monebam.
1221 3271 1362 3338 Ceterum

355 3391 417 3464 ὠδίς
441 3391 478 3456 de
500 3391 603 3456 dolore
625 3393 718 3457 animi
742 3390 963 3459 vehementiore
985 3393 1076 3458 etiam
1099 3392 1213 3457 dicitur
1240 3391 1278 3456 ub
1300 3391 1362 3457 Eu·
1460 3403 1461 3465 l

355 3511 469 3599 ripide,
491 3509 617 3598 Hippol.
643 3515 704 3578 257

577 3628 657 3695 τὸδ’
680 3629 749 3710 ὑπὲρ
772 3629 873 3694 δισσῶν
895 3628 968 3707 μίαν
990 3627 1092 3694 ὠδίνειν

576 3747 683 3829 ψνχδν
704 3746 841 3828 χνλεσδν
863 3745 963 3827 βνίρες.

356 3865 453 3937 Quem
472 3864 573 3930 locum
593 3867 741 3953 expressit
760 3864 868 3930 Cicero
889 3863 927 3929 de
941 3887 996 3929 um.
1015 3863 1136 3929 XXIII
1147 3866 1189 3928 lc
1216 3863 1269 3927 nsi
1286 3867 1362 3928 tcm-
1458 3921 1459 3956 ι

355 4005 445 4069 quum
467 3984 614 4071 parturiat
638 4006 717 4048 unus
739 4005 794 4070 pro
814 3978 979 4070 pluribus.”

401 4107 474 4169 212.
519 4101 709 4186 τελεσφόρους
739 4101 842 4184 εὐχὰς.
887 4101 972 4166 Idem
1003 4099 1082 4186 opud
1111 4097 1289 4187 Euripidem
1318 4103 1363 4164 est

356 4220 468 4289 Phoen.
488 4225 539 4287 60.
