<?xml version="1.0" encoding="UTF-8"?>
<!DOCTYPE html PUBLIC "-//W3C//DTD XHTML 1.0 Transitional//EN"
    "http://www.w3.org/TR/xhtml1/DTD/xhtml1-transitional.dtd">
<html xmlns="http://www.w3.org/1999/xhtml" xml:lang="en" lang="en">
 <head>
  <title>
</title>
<meta http-equiv="Content-Type" content="text/html;charset=utf-8" />
  <meta name='ocr-system' content='tesseract 3.04.00' />
  <meta name='ocr-capabilities' content='ocr_page ocr_carea ocr_par ocr_line ocrx_word'/>
</head>
<body>
  <div class='ocr_page' id='page_1' title='image "aeschylichoepho00jonggoog_0062.png"; bbox 0 0 2956 4974; ppageno 0'>
   <div class='ocr_carea' id='block_1_1' title="bbox 368 470 1084 534">
    <p class='ocr_par' dir='ltr' id='par_1_1' title="bbox 368 470 1084 534">
     <span class='ocr_line' id='line_1_1' title="bbox 368 470 1084 534; baseline 0.003 -4"><span class='ocrx_word' id='word_1_1' title='bbox 368 470 408 531; x_wconf 82' lang='lat'><strong>50</strong></span> <span class='ocrx_word' id='word_1_2' title='bbox 654 487 919 534; x_wconf 81' lang='lat' dir='ltr'><strong>ruraaaaaaarrc</strong></span> <span class='ocrx_word' id='word_1_3' title='bbox 952 487 1084 534; x_wconf 75' lang='lat' dir='ltr'><strong>narrar.</strong></span> 
     </span>
    </p>
   </div>
   <div class='ocr_carea' id='block_1_2' title="bbox 411 667 1277 990">
    <p class='ocr_par' dir='ltr' id='par_1_2' title="bbox 411 667 1277 990">
     <span class='ocr_line' id='line_1_2' title="bbox 415 667 1277 755; baseline 0.002 -23"><span class='ocrx_word' id='word_1_4' title='bbox 415 669 483 732; x_wconf 78' lang='lat' dir='ltr'><strong>cro.</strong></span> <span class='ocrx_word' id='word_1_5' title='bbox 528 670 579 733; x_wconf 80' lang='lat' dir='ltr'><strong>Aa</strong></span> <span class='ocrx_word' id='word_1_6' title='bbox 603 689 674 755; x_wconf 81' lang='lat' dir='ltr'><strong>ergo</strong></span> <span class='ocrx_word' id='word_1_7' title='bbox 703 670 829 734; x_wconf 81' lang='lat' dir='ltr'><strong>Orestae</strong></span> <span class='ocrx_word' id='word_1_8' title='bbox 852 667 911 734; x_wconf 91' lang='lat' dir='ltr'><strong>hoc</strong></span> <span class='ocrx_word' id='word_1_9' title='bbox 933 668 1053 734; x_wconf 83' lang='lat' dir='ltr'><strong>occulte</strong></span> <span class='ocrx_word' id='word_1_10' title='bbox 1076 669 1189 734; x_wconf 90' lang='lat' dir='ltr'><strong>donum</strong></span> <span class='ocrx_word' id='word_1_11' title='bbox 1213 670 1277 734; x_wconf 79' lang='lat' dir='ltr'><strong>sit?</strong></span> 
     </span>
     <span class='ocr_line' id='line_1_3' title="bbox 411 786 1157 853; baseline 0.004 -3"><span class='ocrx_word' id='word_1_12' title='bbox 411 787 464 850; x_wconf 79' lang='lat' dir='ltr'><strong>El.</strong></span> <span class='ocrx_word' id='word_1_13' title='bbox 532 786 665 852; x_wconf 81' lang='lat' dir='ltr'><strong>Maxime</strong></span> <span class='ocrx_word' id='word_1_14' title='bbox 687 786 771 853; x_wconf 92' lang='lat' dir='ltr'><strong>illius</strong></span> <span class='ocrx_word' id='word_1_15' title='bbox 793 789 946 852; x_wconf 81' lang='lat' dir='ltr'><strong>cincinnis</strong></span> <span class='ocrx_word' id='word_1_16' title='bbox 970 787 1079 852; x_wconf 78' lang='lat' dir='ltr'><strong>similia</strong></span> <span class='ocrx_word' id='word_1_17' title='bbox 1103 792 1157 853; x_wconf 85' lang='lat' dir='ltr'><strong>eat.</strong></span> 
     </span>
     <span class='ocr_line' id='line_1_4' title="bbox 414 905 1234 990; baseline 0.005 -22"><span class='ocrx_word' id='word_1_18' title='bbox 414 906 484 969; x_wconf 81' lang='lat' dir='ltr'><strong>Clo.</strong></span> <span class='ocrx_word' id='word_1_19' title='bbox 528 905 570 971; x_wconf 77' lang='lat' dir='ltr'><strong>Et</strong></span> <span class='ocrx_word' id='word_1_20' title='bbox 592 905 743 990; x_wconf 88' lang='lat' dir='ltr'><strong>quomodo</strong></span> <span class='ocrx_word' id='word_1_21' title='bbox 765 905 818 970; x_wconf 90' lang='lat' dir='ltr'><strong>ille</strong></span> <span class='ocrx_word' id='word_1_22' title='bbox 841 905 902 972; x_wconf 90' lang='lat' dir='ltr'><strong>huc</strong></span> <span class='ocrx_word' id='word_1_23' title='bbox 926 907 1027 972; x_wconf 87' lang='lat' dir='ltr'><strong>venire</strong></span> <span class='ocrx_word' id='word_1_24' title='bbox 1049 929 1141 972; x_wconf 88' lang='lat' dir='ltr'><strong>ausus</strong></span> <span class='ocrx_word' id='word_1_25' title='bbox 1164 907 1234 972; x_wconf 80' lang='lat' dir='ltr'><strong>est?</strong></span> 
     </span>
    </p>
   </div>
   <div class='ocr_carea' id='block_1_3' title="bbox 293 1012 1224 1110">
    <p class='ocr_par' dir='ltr' id='par_1_3' title="bbox 293 1012 1224 1110">
     <span class='ocr_line' id='line_1_5' title="bbox 293 1012 1224 1110; baseline 0.002 -24"><span class='ocrx_word' id='word_1_26' title='bbox 293 1012 355 1074; x_wconf 79' lang='lat'><strong>180</strong></span> <span class='ocrx_word' id='word_1_27' title='bbox 412 1023 465 1088; x_wconf 76' lang='lat' dir='ltr'><strong>at.</strong></span> <span class='ocrx_word' id='word_1_28' title='bbox 532 1023 624 1088; x_wconf 86' lang='lat' dir='ltr'><strong>Misit</strong></span> <span class='ocrx_word' id='word_1_29' title='bbox 645 1023 794 1088; x_wconf 88' lang='lat' dir='ltr'><strong>abscissos</strong></span> <span class='ocrx_word' id='word_1_30' title='bbox 818 1023 944 1110; x_wconf 78' lang='lat' dir='ltr'><strong>capillos</strong></span> <span class='ocrx_word' id='word_1_31' title='bbox 967 1025 1096 1110; x_wconf 76' lang='lat' dir='ltr'><strong>gratiam</strong></span> <span class='ocrx_word' id='word_1_32' title='bbox 1120 1026 1224 1110; x_wconf 83' lang='lat' dir='ltr'><strong>patris</strong></span> 
     </span>
    </p>
   </div>
   <div class='ocr_carea' id='block_1_4' title="bbox 294 1138 1463 4314">
    <p class='ocr_par' dir='ltr' id='par_1_4' title="bbox 368 1138 1373 1346">
     <span class='ocr_line' id='line_1_6' title="bbox 416 1138 1373 1228; baseline -0.002 -24"><span class='ocrx_word' id='word_1_33' title='bbox 416 1142 484 1206; x_wconf 76' lang='lat' dir='ltr'><strong>Clo,</strong></span> <span class='ocrx_word' id='word_1_34' title='bbox 531 1141 602 1206; x_wconf 87' lang='lat' dir='ltr'><strong>Noa</strong></span> <span class='ocrx_word' id='word_1_35' title='bbox 630 1142 730 1206; x_wconf 87' lang='lat' dir='ltr'><strong>minus</strong></span> <span class='ocrx_word' id='word_1_36' title='bbox 760 1141 819 1206; x_wconf 92' lang='lat' dir='ltr'><strong>hcc</strong></span> <span class='ocrx_word' id='word_1_37' title='bbox 847 1164 952 1206; x_wconf 86' lang='lat' dir='ltr'><strong>rursus</strong></span> <span class='ocrx_word' id='word_1_38' title='bbox 983 1141 1109 1228; x_wconf 85' lang='lat' dir='ltr'><strong>dignum</strong></span> <span class='ocrx_word' id='word_1_39' title='bbox 1134 1141 1275 1226; x_wconf 84' lang='lat' dir='ltr'><strong>lacrymis</strong></span> <span class='ocrx_word' id='word_1_40' title='bbox 1297 1138 1373 1204; x_wconf 91' lang='lat' dir='ltr'><strong>mihi</strong></span> 
     </span>
     <span class='ocr_line' id='line_1_7' title="bbox 368 1257 1209 1346; baseline 0.001 -24"><span class='ocrx_word' id='word_1_41' title='bbox 368 1258 460 1336; x_wconf 88' lang='lat' dir='ltr'><strong>dicis,</strong></span> <span class='ocrx_word' id='word_1_42' title='bbox 484 1260 508 1322; x_wconf 91' lang='lat' dir='ltr'><strong>si</strong></span> <span class='ocrx_word' id='word_1_43' title='bbox 533 1257 610 1324; x_wconf 90' lang='lat' dir='ltr'><strong>hano</strong></span> <span class='ocrx_word' id='word_1_44' title='bbox 632 1263 742 1324; x_wconf 87' lang='lat' dir='ltr'><strong>terram</strong></span> <span class='ocrx_word' id='word_1_45' title='bbox 764 1281 918 1344; x_wconf 87' lang='lat' dir='ltr'><strong>nunquam</strong></span> <span class='ocrx_word' id='word_1_46' title='bbox 943 1259 1018 1346; x_wconf 89' lang='lat' dir='ltr'><strong>pede</strong></span> <span class='ocrx_word' id='word_1_47' title='bbox 1040 1260 1209 1346; x_wconf 87' lang='lat' dir='ltr'><strong>continget.</strong></span> 
     </span>
    </p>

    <p class='ocr_par' dir='ltr' id='par_1_5' title="bbox 368 1377 1379 1920">
     <span class='ocr_line' id='line_1_8' title="bbox 412 1377 1376 1444; baseline -0.003 -2"><span class='ocrx_word' id='word_1_48' title='bbox 412 1379 464 1442; x_wconf 80' lang='lat' dir='ltr'><strong>El.</strong></span> <span class='ocrx_word' id='word_1_49' title='bbox 531 1377 573 1442; x_wconf 80' lang='lat' dir='ltr'><strong>Et</strong></span> <span class='ocrx_word' id='word_1_50' title='bbox 595 1377 670 1442; x_wconf 90' lang='lat' dir='ltr'><strong>mihi</strong></span> <span class='ocrx_word' id='word_1_51' title='bbox 694 1379 806 1444; x_wconf 88' lang='lat' dir='ltr'><strong>accidit</strong></span> <span class='ocrx_word' id='word_1_52' title='bbox 828 1379 862 1442; x_wconf 93' lang='lat' dir='ltr'><strong>ia</strong></span> <span class='ocrx_word' id='word_1_53' title='bbox 886 1378 976 1442; x_wconf 88' lang='lat' dir='ltr'><strong>corde</strong></span> <span class='ocrx_word' id='word_1_54' title='bbox 999 1384 1099 1444; x_wconf 89' lang='lat' dir='ltr'><strong>aestus</strong></span> <span class='ocrx_word' id='word_1_55' title='bbox 1120 1377 1209 1443; x_wconf 89' lang='lat' dir='ltr'><strong>bilis:</strong></span> <span class='ocrx_word' id='word_1_56' title='bbox 1227 1378 1289 1442; x_wconf 90' lang='lat' dir='ltr'><strong>icta</strong></span> <span class='ocrx_word' id='word_1_57' title='bbox 1309 1398 1376 1440; x_wconf 89' lang='lat' dir='ltr'><strong>sum</strong></span> 
     </span>
     <span class='ocr_line' id='line_1_9' title="bbox 368 1495 1375 1584; baseline -0.004 -22"><span class='ocrx_word' id='word_1_58' title='bbox 368 1499 454 1582; x_wconf 86' lang='lat' dir='ltr'><strong>quasi</strong></span> <span class='ocrx_word' id='word_1_59' title='bbox 476 1499 645 1584; x_wconf 73' lang='lat' dir='ltr'><strong>perforante</strong></span> <span class='ocrx_word' id='word_1_60' title='bbox 663 1497 744 1562; x_wconf 90' lang='lat' dir='ltr'><strong>telo:</strong></span> <span class='ocrx_word' id='word_1_61' title='bbox 765 1505 795 1562; x_wconf 91' lang='lat' dir='ltr'><strong>et</strong></span> <span class='ocrx_word' id='word_1_62' title='bbox 814 1521 850 1562; x_wconf 84' lang='lat' dir='ltr'><strong>ex</strong></span> <span class='ocrx_word' id='word_1_63' title='bbox 870 1498 968 1562; x_wconf 88' lang='lat' dir='ltr'><strong>oculis</strong></span> <span class='ocrx_word' id='word_1_64' title='bbox 987 1497 1161 1564; x_wconf 77' lang='lat' dir='ltr'><strong>siticulosae</strong></span> <span class='ocrx_word' id='word_1_65' title='bbox 1179 1502 1286 1584; x_wconf 87' lang='lat' dir='ltr'><strong>guttae</strong></span> <span class='ocrx_word' id='word_1_66' title='bbox 1302 1495 1375 1561; x_wconf 90' lang='lat' dir='ltr'><strong>mihi</strong></span> 
     </span>
     <span class='ocr_line' id='line_1_10' title="bbox 369 1614 1374 1702; baseline -0.002 -22"><span class='ocrx_word' id='word_1_67' title='bbox 369 1617 507 1702; x_wconf 85' lang='lat' dir='ltr'><strong>profusae</strong></span> <span class='ocrx_word' id='word_1_68' title='bbox 537 1614 650 1680; x_wconf 90' lang='lat' dir='ltr'><strong>cadunt</strong></span> <span class='ocrx_word' id='word_1_69' title='bbox 679 1614 784 1680; x_wconf 86' lang='lat' dir='ltr'><strong>imbris</strong></span> <span class='ocrx_word' id='word_1_70' title='bbox 810 1616 986 1702; x_wconf 87' lang='lat' dir='ltr'><strong>procellosi,</strong></span> <span class='ocrx_word' id='word_1_71' title='bbox 1011 1615 1095 1680; x_wconf 91' lang='lat' dir='ltr'><strong>hunc</strong></span> <span class='ocrx_word' id='word_1_72' title='bbox 1117 1617 1235 1682; x_wconf 91' lang='lat' dir='ltr'><strong>videnti</strong></span> <span class='ocrx_word' id='word_1_73' title='bbox 1258 1616 1374 1680; x_wconf 89' lang='lat' dir='ltr'><strong>cincin-</strong></span> 
     </span>
     <span class='ocr_line' id='line_1_11' title="bbox 369 1734 1377 1820; baseline -0.004 -20"><span class='ocrx_word' id='word_1_74' title='bbox 369 1757 458 1800; x_wconf 89' lang='lat' dir='ltr'><strong>num:</strong></span> <span class='ocrx_word' id='word_1_75' title='bbox 481 1757 548 1800; x_wconf 89' lang='lat' dir='ltr'><strong>nam</strong></span> <span class='ocrx_word' id='word_1_76' title='bbox 572 1735 723 1819; x_wconf 87' lang='lat' dir='ltr'><strong>quomodo</strong></span> <span class='ocrx_word' id='word_1_77' title='bbox 748 1734 866 1800; x_wconf 88' lang='lat' dir='ltr'><strong>credam</strong></span> <span class='ocrx_word' id='word_1_78' title='bbox 889 1736 1003 1800; x_wconf 89' lang='lat' dir='ltr'><strong>civium</strong></span> <span class='ocrx_word' id='word_1_79' title='bbox 1022 1735 1151 1820; x_wconf 85' lang='lat' dir='ltr'><strong>aliquem</strong></span> <span class='ocrx_word' id='word_1_80' title='bbox 1173 1735 1267 1800; x_wconf 88' lang='lat' dir='ltr'><strong>alium</strong></span> <span class='ocrx_word' id='word_1_81' title='bbox 1287 1734 1377 1818; x_wconf 89' lang='lat' dir='ltr'><strong>hujus</strong></span> 
     </span>
     <span class='ocr_line' id='line_1_12' title="bbox 370 1855 1379 1920; baseline -0.004 0"><span class='ocrx_word' id='word_1_82' title='bbox 370 1855 464 1920; x_wconf 88' lang='lat' dir='ltr'><strong>crinis</strong></span> <span class='ocrx_word' id='word_1_83' title='bbox 486 1877 550 1920; x_wconf 85' lang='lat' dir='ltr'><strong>esse</strong></span> <span class='ocrx_word' id='word_1_84' title='bbox 572 1855 751 1920; x_wconf 74' lang='lat' dir='ltr'><strong>domiuum?</strong></span> <span class='ocrx_word' id='word_1_85' title='bbox 774 1877 877 1920; x_wconf 85' lang='lat' dir='ltr'><strong>verum</strong></span> <span class='ocrx_word' id='word_1_86' title='bbox 900 1876 1046 1918; x_wconf 84' lang='lat' dir='ltr'><strong>nonaum</strong></span> <span class='ocrx_word' id='word_1_87' title='bbox 1066 1855 1258 1920; x_wconf 79' lang='lat' dir='ltr'><strong>interfectrix</strong></span> <span class='ocrx_word' id='word_1_88' title='bbox 1276 1860 1379 1918; x_wconf 91' lang='lat' dir='ltr'><strong>toton-</strong></span> 
     </span>
    </p>

    <p class='ocr_par' dir='ltr' id='par_1_6' title="bbox 294 1969 1381 2773">
     <span class='ocr_line' id='line_1_13' title="bbox 294 1969 1380 2060; baseline -0.003 -22"><span class='ocrx_word' id='word_1_89' title='bbox 294 1969 357 2030; x_wconf 86' lang='grc'><strong>190</strong></span> <span class='ocrx_word' id='word_1_90' title='bbox 371 1975 432 2050; x_wconf 89' lang='lat' dir='ltr'><strong>dit,</strong></span> <span class='ocrx_word' id='word_1_91' title='bbox 452 1979 545 2038; x_wconf 90' lang='lat' dir='ltr'><strong>mater</strong></span> <span class='ocrx_word' id='word_1_92' title='bbox 563 1997 642 2050; x_wconf 87' lang='lat' dir='ltr'><strong>mea,</strong></span> <span class='ocrx_word' id='word_1_93' title='bbox 660 1975 785 2038; x_wconf 87' lang='lat' dir='ltr'><strong>minime</strong></span> <span class='ocrx_word' id='word_1_94' title='bbox 800 1975 1010 2060; x_wconf 84' lang='lat' dir='ltr'><strong>cognominem</strong></span> <span class='ocrx_word' id='word_1_95' title='bbox 1032 1975 1213 2040; x_wconf 85' lang='lat' dir='ltr'><strong>sententiam</strong></span> <span class='ocrx_word' id='word_1_96' title='bbox 1225 1975 1258 2038; x_wconf 91' lang='lat' dir='ltr'><strong>in</strong></span> <span class='ocrx_word' id='word_1_97' title='bbox 1270 1974 1380 2038; x_wconf 91' lang='lat' dir='ltr'><strong>liberos</strong></span> 
     </span>
     <span class='ocr_line' id='line_1_14' title="bbox 370 2090 1380 2178; baseline -0.003 -22"><span class='ocrx_word' id='word_1_98' title='bbox 370 2092 490 2178; x_wconf 86' lang='lat' dir='ltr'><strong>impiam</strong></span> <span class='ocrx_word' id='word_1_99' title='bbox 515 2090 636 2158; x_wconf 87' lang='lat' dir='ltr'><strong>habens.</strong></span> <span class='ocrx_word' id='word_1_100' title='bbox 670 2091 737 2178; x_wconf 82' lang='lat' dir='ltr'><strong>Ego</strong></span> <span class='ocrx_word' id='word_1_101' title='bbox 756 2113 826 2158; x_wconf 85' lang='lat' dir='ltr'><strong>vero</strong></span> <span class='ocrx_word' id='word_1_102' title='bbox 845 2091 971 2168; x_wconf 90' lang='lat' dir='ltr'><strong>dubito,</strong></span> <span class='ocrx_word' id='word_1_103' title='bbox 988 2093 1139 2176; x_wconf 91' lang='lat' dir='ltr'><strong>quomodo</strong></span> <span class='ocrx_word' id='word_1_104' title='bbox 1158 2093 1306 2158; x_wconf 88' lang='lat' dir='ltr'><strong>continno</strong></span> <span class='ocrx_word' id='word_1_105' title='bbox 1324 2091 1380 2154; x_wconf 89' lang='lat' dir='ltr'><strong>hcc</strong></span> 
     </span>
     <span class='ocr_line' id='line_1_15' title="bbox 371 2207 1379 2296; baseline -0.003 -21"><span class='ocrx_word' id='word_1_106' title='bbox 371 2210 509 2296; x_wconf 86' lang='lat' dir='ltr'><strong>probem,</strong></span> <span class='ocrx_word' id='word_1_107' title='bbox 535 2207 679 2276; x_wconf 90' lang='lat' dir='ltr'><strong>essehoc</strong></span> <span class='ocrx_word' id='word_1_108' title='bbox 702 2216 912 2276; x_wconf 85' lang='lat' dir='ltr'><strong>ornamentum</strong></span> <span class='ocrx_word' id='word_1_109' title='bbox 936 2212 1082 2276; x_wconf 86' lang='lat' dir='ltr'><strong>carissimi</strong></span> <span class='ocrx_word' id='word_1_110' title='bbox 1106 2211 1181 2276; x_wconf 90' lang='lat' dir='ltr'><strong>mihi</strong></span> <span class='ocrx_word' id='word_1_111' title='bbox 1206 2211 1379 2275; x_wconf 89' lang='lat' dir='ltr'><strong>mortalium</strong></span> 
     </span>
     <span class='ocr_line' id='line_1_16' title="bbox 372 2328 1379 2415; baseline 0 -22"><span class='ocrx_word' id='word_1_112' title='bbox 372 2330 515 2394; x_wconf 85' lang='lat' dir='ltr'><strong>Orestae:</strong></span> <span class='ocrx_word' id='word_1_113' title='bbox 539 2334 570 2394; x_wconf 88' lang='lat' dir='ltr'><strong>at</strong></span> <span class='ocrx_word' id='word_1_114' title='bbox 591 2352 643 2415; x_wconf 89' lang='lat' dir='ltr'><strong>spe</strong></span> <span class='ocrx_word' id='word_1_115' title='bbox 664 2329 789 2394; x_wconf 90' lang='lat' dir='ltr'><strong>allicior.</strong></span> <span class='ocrx_word' id='word_1_116' title='bbox 821 2329 900 2394; x_wconf 85' lang='lat' dir='ltr'><strong>Vae:</strong></span> <span class='ocrx_word' id='word_1_117' title='bbox 924 2332 1040 2395; x_wconf 86' lang='lat' dir='ltr'><strong>utinam</strong></span> <span class='ocrx_word' id='word_1_118' title='bbox 1064 2328 1187 2396; x_wconf 84' lang='lat' dir='ltr'><strong>haberet</strong></span> <span class='ocrx_word' id='word_1_119' title='bbox 1207 2352 1314 2395; x_wconf 88' lang='lat' dir='ltr'><strong>vocem</strong></span> <span class='ocrx_word' id='word_1_120' title='bbox 1335 2351 1379 2393; x_wconf 89' lang='lat' dir='ltr'><strong>ra·</strong></span> 
     </span>
     <span class='ocr_line' id='line_1_17' title="bbox 371 2448 1379 2535; baseline -0.003 -22"><span class='ocrx_word' id='word_1_121' title='bbox 371 2451 455 2513; x_wconf 90' lang='lat' dir='ltr'><strong>tione</strong></span> <span class='ocrx_word' id='word_1_122' title='bbox 477 2448 659 2535; x_wconf 84' lang='lat' dir='ltr'><strong>praeditam,</strong></span> <span class='ocrx_word' id='word_1_123' title='bbox 681 2449 787 2512; x_wconf 89' lang='lat' dir='ltr'><strong>nuncii</strong></span> <span class='ocrx_word' id='word_1_124' title='bbox 810 2449 923 2526; x_wconf 86' lang='lat' dir='ltr'><strong>instar,</strong></span> <span class='ocrx_word' id='word_1_125' title='bbox 945 2471 982 2512; x_wconf 91' lang='lat' dir='ltr'><strong>ne</strong></span> <span class='ocrx_word' id='word_1_126' title='bbox 1007 2448 1098 2512; x_wconf 88' lang='lat' dir='ltr'><strong>dubia</strong></span> <span class='ocrx_word' id='word_1_127' title='bbox 1113 2470 1259 2524; x_wconf 88' lang='lat' dir='ltr'><strong>moverer,</strong></span> <span class='ocrx_word' id='word_1_128' title='bbox 1276 2469 1379 2512; x_wconf 87' lang='lat' dir='ltr'><strong>verum</strong></span> 
     </span>
     <span class='ocr_line' id='line_1_18' title="bbox 372 2565 1379 2654; baseline -0.002 -24"><span class='ocrx_word' id='word_1_129' title='bbox 372 2571 425 2632; x_wconf 91' lang='lat' dir='ltr'><strong>aut</strong></span> <span class='ocrx_word' id='word_1_130' title='bbox 447 2565 523 2632; x_wconf 85' lang='lat' dir='ltr'><strong>bene</strong></span> <span class='ocrx_word' id='word_1_131' title='bbox 546 2571 698 2632; x_wconf 87' lang='lat' dir='ltr'><strong>constaret</strong></span> <span class='ocrx_word' id='word_1_132' title='bbox 721 2566 796 2632; x_wconf 87' lang='lat' dir='ltr'><strong>mihi</strong></span> <span class='ocrx_word' id='word_1_133' title='bbox 820 2565 903 2632; x_wconf 89' lang='lat' dir='ltr'><strong>hunc</strong></span> <span class='ocrx_word' id='word_1_134' title='bbox 926 2568 1102 2632; x_wconf 89' lang='lat' dir='ltr'><strong>cincinnum</strong></span> <span class='ocrx_word' id='word_1_135' title='bbox 1122 2589 1277 2654; x_wconf 86' lang='lat' dir='ltr'><strong>respuere,</strong></span> <span class='ocrx_word' id='word_1_136' title='bbox 1296 2570 1323 2633; x_wconf 87' lang='lat' dir='ltr'><strong>si</strong></span> <span class='ocrx_word' id='word_1_137' title='bbox 1345 2565 1379 2629; x_wconf 93' lang='lat' dir='ltr'><strong>ab</strong></span> 
     </span>
     <span class='ocr_line' id='line_1_19' title="bbox 371 2684 1381 2773; baseline -0.001 -23"><span class='ocrx_word' id='word_1_138' title='bbox 371 2687 497 2750; x_wconf 88' lang='lat' dir='ltr'><strong>inimico</strong></span> <span class='ocrx_word' id='word_1_139' title='bbox 528 2687 625 2772; x_wconf 88' lang='lat' dir='ltr'><strong>capite</strong></span> <span class='ocrx_word' id='word_1_140' title='bbox 656 2684 790 2752; x_wconf 89' lang='lat' dir='ltr'><strong>abscisus</strong></span> <span class='ocrx_word' id='word_1_141' title='bbox 813 2691 891 2764; x_wconf 89' lang='lat' dir='ltr'><strong>orat,</strong></span> <span class='ocrx_word' id='word_1_142' title='bbox 918 2693 970 2750; x_wconf 91' lang='lat' dir='ltr'><strong>aut</strong></span> <span class='ocrx_word' id='word_1_143' title='bbox 994 2690 1143 2773; x_wconf 87' lang='lat' dir='ltr'><strong>cognatus</strong></span> <span class='ocrx_word' id='word_1_144' title='bbox 1169 2709 1264 2771; x_wconf 88' lang='lat' dir='ltr'><strong>quum</strong></span> <span class='ocrx_word' id='word_1_145' title='bbox 1288 2690 1381 2761; x_wconf 86' lang='lat' dir='ltr'><strong>esset,</strong></span> 
     </span>
    </p>

    <p class='ocr_par' dir='ltr' id='par_1_7' title="bbox 298 2798 1463 3603">
     <span class='ocr_line' id='line_1_20' title="bbox 298 2798 1382 2893; baseline -0.002 -25"><span class='ocrx_word' id='word_1_146' title='bbox 298 2798 360 2860; x_wconf 75' lang='lat'><strong>200</strong></span> <span class='ocrx_word' id='word_1_147' title='bbox 373 2827 490 2870; x_wconf 88' lang='lat' dir='ltr'><strong>mecum</strong></span> <span class='ocrx_word' id='word_1_148' title='bbox 513 2804 616 2891; x_wconf 84' lang='lat' dir='ltr'><strong>lugere</strong></span> <span class='ocrx_word' id='word_1_149' title='bbox 638 2810 752 2892; x_wconf 89' lang='lat' dir='ltr'><strong>posset,</strong></span> <span class='ocrx_word' id='word_1_150' title='bbox 777 2806 921 2870; x_wconf 87' lang='lat' dir='ltr'><strong>decorans</strong></span> <span class='ocrx_word' id='word_1_151' title='bbox 946 2803 1064 2870; x_wconf 86' lang='lat' dir='ltr'><strong>huncce</strong></span> <span class='ocrx_word' id='word_1_152' title='bbox 1082 2804 1235 2870; x_wconf 89' lang='lat' dir='ltr'><strong>tumulum</strong></span> <span class='ocrx_word' id='word_1_153' title='bbox 1254 2811 1288 2870; x_wconf 87' lang='lat' dir='ltr'><strong>et</strong></span> <span class='ocrx_word' id='word_1_154' title='bbox 1304 2803 1382 2893; x_wconf 87' lang='lat' dir='ltr'><strong>patri</strong></span> 
     </span>
     <span class='ocr_line' id='line_1_21' title="bbox 372 2923 1463 3010; baseline -0.003 -20"><span class='ocrx_word' id='word_1_155' title='bbox 372 2925 470 2990; x_wconf 85' lang='lat' dir='ltr'><strong>ferens</strong></span> <span class='ocrx_word' id='word_1_156' title='bbox 501 2923 652 2990; x_wconf 81' lang='lat' dir='ltr'><strong>honorem.</strong></span> <span class='ocrx_word' id='word_1_157' title='bbox 695 2923 808 2989; x_wconf 86' lang='lat' dir='ltr'><strong>Verum</strong></span> <span class='ocrx_word' id='word_1_158' title='bbox 833 2926 962 2989; x_wconf 90' lang='lat' dir='ltr'><strong>scientes</strong></span> <span class='ocrx_word' id='word_1_159' title='bbox 989 2924 1069 2989; x_wconf 78' lang='lat' dir='ltr'><strong>Deos</strong></span> <span class='ocrx_word' id='word_1_160' title='bbox 1092 2925 1285 3002; x_wconf 87' lang='lat' dir='ltr'><strong>invocamus,</strong></span> <span class='ocrx_word' id='word_1_161' title='bbox 1309 2945 1382 3010; x_wconf 87' lang='lat' dir='ltr'><strong>qua·</strong></span> <span class='ocrx_word' id='word_1_162' title='bbox 1462 2991 1463 2994; x_wconf 8' lang='grc' dir='ltr'><strong>Ἴ</strong></span> 
     </span>
     <span class='ocr_line' id='line_1_22' title="bbox 372 3041 1383 3128; baseline -0.002 -22"><span class='ocrx_word' id='word_1_163' title='bbox 372 3041 454 3106; x_wconf 90' lang='lat' dir='ltr'><strong>libus</strong></span> <span class='ocrx_word' id='word_1_164' title='bbox 483 3042 641 3128; x_wconf 87' lang='lat' dir='ltr'><strong>procellis,</strong></span> <span class='ocrx_word' id='word_1_165' title='bbox 669 3043 880 3128; x_wconf 87' lang='lat' dir='ltr'><strong>navigantium</strong></span> <span class='ocrx_word' id='word_1_166' title='bbox 909 3043 1021 3120; x_wconf 89' lang='lat' dir='ltr'><strong>instar,</strong></span> <span class='ocrx_word' id='word_1_167' title='bbox 1040 3042 1204 3127; x_wconf 87' lang='lat' dir='ltr'><strong>jactemur:</strong></span> <span class='ocrx_word' id='word_1_168' title='bbox 1227 3065 1335 3108; x_wconf 84' lang='lat' dir='ltr'><strong>verum</strong></span> <span class='ocrx_word' id='word_1_169' title='bbox 1358 3041 1383 3106; x_wconf 88' lang='lat' dir='ltr'><strong>si</strong></span> 
     </span>
     <span class='ocr_line' id='line_1_23' title="bbox 373 3161 1463 3248; baseline -0.006 -22"><span class='ocrx_word' id='word_1_170' title='bbox 373 3165 492 3248; x_wconf 84' lang='lat' dir='ltr'><strong>oportet</strong></span> <span class='ocrx_word' id='word_1_171' title='bbox 522 3184 577 3225; x_wconf 92' lang='lat' dir='ltr'><strong>nos</strong></span> <span class='ocrx_word' id='word_1_172' title='bbox 607 3161 735 3246; x_wconf 86' lang='lat' dir='ltr'><strong>reperire</strong></span> <span class='ocrx_word' id='word_1_173' title='bbox 765 3161 910 3239; x_wconf 87' lang='lat' dir='ltr'><strong>salutem,</strong></span> <span class='ocrx_word' id='word_1_174' title='bbox 944 3185 980 3226; x_wconf 84' lang='lat' dir='ltr'><strong>ex</strong></span> <span class='ocrx_word' id='word_1_175' title='bbox 1011 3183 1103 3247; x_wconf 88' lang='lat' dir='ltr'><strong>parvo</strong></span> <span class='ocrx_word' id='word_1_176' title='bbox 1133 3162 1246 3226; x_wconf 85' lang='lat' dir='ltr'><strong>semine</strong></span> <span class='ocrx_word' id='word_1_177' title='bbox 1273 3181 1383 3248; x_wconf 86' lang='lat' dir='ltr'><strong>magna</strong></span> <span class='ocrx_word' id='word_1_178' title='bbox 1462 3213 1463 3220; x_wconf 71' lang='grc'>,</span> 
     </span>
     <span class='ocr_line' id='line_1_24' title="bbox 373 3279 1382 3366; baseline -0.003 -21"><span class='ocrx_word' id='word_1_179' title='bbox 373 3280 459 3346; x_wconf 86' lang='lat' dir='ltr'><strong>radix</strong></span> <span class='ocrx_word' id='word_1_180' title='bbox 491 3281 626 3344; x_wconf 84' lang='lat' dir='ltr'><strong>exsistet.</strong></span> <span class='ocrx_word' id='word_1_181' title='bbox 669 3279 710 3344; x_wconf 81' lang='lat' dir='ltr'><strong>m</strong></span> <span class='ocrx_word' id='word_1_182' title='bbox 733 3301 802 3344; x_wconf 89' lang='lat' dir='ltr'><strong>vero</strong></span> <span class='ocrx_word' id='word_1_183' title='bbox 826 3281 954 3366; x_wconf 80' lang='lat' dir='ltr'><strong>vestigia</strong></span> <span class='ocrx_word' id='word_1_184' title='bbox 978 3280 1088 3366; x_wconf 89' lang='lat' dir='ltr'><strong>pedum</strong></span> <span class='ocrx_word' id='word_1_185' title='bbox 1107 3279 1234 3359; x_wconf 87' lang='lat' dir='ltr'><strong>similia,</strong></span> <span class='ocrx_word' id='word_1_186' title='bbox 1253 3281 1382 3347; x_wconf 86' lang='lat' dir='ltr'><strong>alterum</strong></span> 
     </span>
     <span class='ocr_line' id='line_1_25' title="bbox 372 3397 1383 3482; baseline -0.003 -19"><span class='ocrx_word' id='word_1_187' title='bbox 372 3397 537 3474; x_wconf 90' lang='lat' dir='ltr'><strong>indicium,</strong></span> <span class='ocrx_word' id='word_1_188' title='bbox 564 3397 756 3482; x_wconf 88' lang='lat' dir='ltr'><strong>ejusdemque</strong></span> <span class='ocrx_word' id='word_1_189' title='bbox 786 3399 899 3462; x_wconf 88' lang='lat' dir='ltr'><strong>formae</strong></span> <span class='ocrx_word' id='word_1_190' title='bbox 930 3420 964 3461; x_wconf 89' lang='lat' dir='ltr'><strong>ao</strong></span> <span class='ocrx_word' id='word_1_191' title='bbox 987 3421 1059 3463; x_wconf 90' lang='lat' dir='ltr'><strong>mea.</strong></span> <span class='ocrx_word' id='word_1_192' title='bbox 1106 3399 1188 3464; x_wconf 89' lang='lat' dir='ltr'><strong>Nam</strong></span> <span class='ocrx_word' id='word_1_193' title='bbox 1211 3399 1288 3464; x_wconf 88' lang='lat' dir='ltr'><strong>duae</strong></span> <span class='ocrx_word' id='word_1_194' title='bbox 1311 3402 1383 3465; x_wconf 87' lang='lat' dir='ltr'><strong>sunt</strong></span> 
     </span>
     <span class='ocr_line' id='line_1_26' title="bbox 374 3515 1382 3603; baseline -0.001 -23"><span class='ocrx_word' id='word_1_195' title='bbox 374 3516 430 3580; x_wconf 88' lang='lat' dir='ltr'><strong>hae</strong></span> <span class='ocrx_word' id='word_1_196' title='bbox 452 3516 668 3602; x_wconf 85' lang='lat' dir='ltr'><strong>descriptiones</strong></span> <span class='ocrx_word' id='word_1_197' title='bbox 690 3515 814 3602; x_wconf 89' lang='lat' dir='ltr'><strong>pedum,</strong></span> <span class='ocrx_word' id='word_1_198' title='bbox 837 3517 934 3603; x_wconf 90' lang='lat' dir='ltr'><strong>ipsius</strong></span> <span class='ocrx_word' id='word_1_199' title='bbox 953 3516 1037 3581; x_wconf 90' lang='lat' dir='ltr'><strong>illius</strong></span> <span class='ocrx_word' id='word_1_200' title='bbox 1056 3524 1087 3581; x_wconf 88' lang='lat' dir='ltr'><strong>et</strong></span> <span class='ocrx_word' id='word_1_201' title='bbox 1103 3517 1232 3602; x_wconf 88' lang='lat' dir='ltr'><strong>alicujus</strong></span> <span class='ocrx_word' id='word_1_202' title='bbox 1252 3518 1382 3584; x_wconf 88' lang='lat' dir='ltr'><strong>comitis.</strong></span> 
     </span>
    </p>

    <p class='ocr_par' dir='ltr' id='par_1_8' title="bbox 299 3631 1383 3841">
     <span class='ocr_line' id='line_1_27' title="bbox 299 3631 1383 3702; baseline -0.001 -4"><span class='ocrx_word' id='word_1_203' title='bbox 299 3631 361 3691; x_wconf 75' lang='grc'><strong>010</strong></span> <span class='ocrx_word' id='word_1_204' title='bbox 375 3634 481 3700; x_wconf 87' lang='lat' dir='ltr'><strong>Oalees</strong></span> <span class='ocrx_word' id='word_1_205' title='bbox 504 3640 534 3700; x_wconf 87' lang='lat' dir='ltr'><strong>et</strong></span> <span class='ocrx_word' id='word_1_206' title='bbox 558 3634 764 3700; x_wconf 85' lang='lat' dir='ltr'><strong>musculorum</strong></span> <span class='ocrx_word' id='word_1_207' title='bbox 792 3635 993 3700; x_wconf 86' lang='lat' dir='ltr'><strong>dimensiones</strong></span> <span class='ocrx_word' id='word_1_208' title='bbox 1017 3635 1091 3700; x_wconf 89' lang='lat' dir='ltr'><strong>meis</strong></span> <span class='ocrx_word' id='word_1_209' title='bbox 1115 3637 1302 3702; x_wconf 88' lang='lat' dir='ltr'><strong>conveniunt</strong></span> <span class='ocrx_word' id='word_1_210' title='bbox 1319 3657 1383 3699; x_wconf 91' lang='lat' dir='ltr'><strong>ves-</strong></span> 
     </span>
     <span class='ocr_line' id='line_1_28' title="bbox 373 3751 1381 3841; baseline -0.005 -22"><span class='ocrx_word' id='word_1_211' title='bbox 373 3754 467 3841; x_wconf 76' lang='lat' dir='ltr'><strong>tigiis.</strong></span> <span class='ocrx_word' id='word_1_212' title='bbox 501 3753 559 3818; x_wconf 75' lang='lat' dir='ltr'><strong>usa</strong></span> <span class='ocrx_word' id='word_1_213' title='bbox 577 3751 654 3818; x_wconf 92' lang='lat' dir='ltr'><strong>mihi</strong></span> <span class='ocrx_word' id='word_1_214' title='bbox 673 3751 758 3818; x_wconf 88' lang='lat' dir='ltr'><strong>dolor</strong></span> <span class='ocrx_word' id='word_1_215' title='bbox 770 3754 857 3838; x_wconf 89' lang='lat' dir='ltr'><strong>quasi</strong></span> <span class='ocrx_word' id='word_1_216' title='bbox 868 3754 1066 3840; x_wconf 84' lang='lat' dir='ltr'><strong>parturientis</strong></span> <span class='ocrx_word' id='word_1_217' title='bbox 1078 3761 1108 3818; x_wconf 92' lang='lat' dir='ltr'><strong>et</strong></span> <span class='ocrx_word' id='word_1_218' title='bbox 1121 3755 1230 3819; x_wconf 88' lang='lat' dir='ltr'><strong>mentis</strong></span> <span class='ocrx_word' id='word_1_219' title='bbox 1244 3754 1381 3820; x_wconf 88' lang='lat' dir='ltr'><strong>vastatio.</strong></span> 
     </span>
    </p>

    <p class='ocr_par' dir='ltr' id='par_1_9' title="bbox 373 3871 1463 4054">
     <span class='ocr_line' id='line_1_29' title="bbox 420 3871 1463 3959; baseline -0.005 -23"><span class='ocrx_word' id='word_1_220' title='bbox 420 3873 468 3936; x_wconf 76' lang='lat' dir='ltr'><strong>Or.</strong></span> <span class='ocrx_word' id='word_1_221' title='bbox 515 3871 641 3936; x_wconf 86' lang='lat' dir='ltr'><strong>Precarc</strong></span> <span class='ocrx_word' id='word_1_222' title='bbox 668 3875 781 3951; x_wconf 85' lang='lat' dir='ltr'><strong>cetera,</strong></span> <span class='ocrx_word' id='word_1_223' title='bbox 806 3871 875 3936; x_wconf 91' lang='lat' dir='ltr'><strong>Diis</strong></span> <span class='ocrx_word' id='word_1_224' title='bbox 898 3876 978 3937; x_wconf 88' lang='lat' dir='ltr'><strong>ratas</strong></span> <span class='ocrx_word' id='word_1_225' title='bbox 1002 3893 1105 3958; x_wconf 90' lang='lat' dir='ltr'><strong>preces</strong></span> <span class='ocrx_word' id='word_1_226' title='bbox 1128 3893 1326 3959; x_wconf 77' lang='lat' dir='ltr'><strong>nuncupans,</strong></span> <span class='ocrx_word' id='word_1_227' title='bbox 1348 3874 1382 3933; x_wconf 91' lang='lat' dir='ltr'><strong>ut</strong></span> <span class='ocrx_word' id='word_1_228' title='bbox 1462 3871 1463 3928; x_wconf 58' lang='lat' dir='ltr'><strong>l</strong></span> 
     </span>
     <span class='ocr_line' id='line_1_30' title="bbox 373 3989 643 4054; baseline 0.004 -1"><span class='ocrx_word' id='word_1_229' title='bbox 373 3989 448 4053; x_wconf 91' lang='lat' dir='ltr'><strong>bene</strong></span> <span class='ocrx_word' id='word_1_230' title='bbox 470 3989 643 4054; x_wconf 86' lang='lat' dir='ltr'><strong>succedant.</strong></span> 
     </span>
    </p>

    <p class='ocr_par' dir='ltr' id='par_1_10' title="bbox 418 4105 1463 4194">
     <span class='ocr_line' id='line_1_31' title="bbox 418 4105 1463 4194; baseline 0.001 -24"><span class='ocrx_word' id='word_1_231' title='bbox 418 4107 470 4170; x_wconf 76' lang='lat' dir='ltr'><strong>Ill.</strong></span> <span class='ocrx_word' id='word_1_232' title='bbox 515 4107 599 4180; x_wconf 78' lang='lat' dir='ltr'><strong>Quid</strong></span> <span class='ocrx_word' id='word_1_233' title='bbox 622 4129 694 4194; x_wconf 81' lang='lat' dir='ltr'><strong>ergo</strong></span> <span class='ocrx_word' id='word_1_234' title='bbox 718 4129 801 4173; x_wconf 87' lang='lat' dir='ltr'><strong>nune</strong></span> <span class='ocrx_word' id='word_1_235' title='bbox 826 4108 959 4172; x_wconf 91' lang='lat' dir='ltr'><strong>Deorum</strong></span> <span class='ocrx_word' id='word_1_236' title='bbox 983 4107 1142 4174; x_wconf 87' lang='lat' dir='ltr'><strong>voluntate</strong></span> <span class='ocrx_word' id='word_1_237' title='bbox 1165 4105 1358 4192; x_wconf 85' lang='lat' dir='ltr'><strong>consequor?</strong></span> <span class='ocrx_word' id='word_1_238' title='bbox 1462 4117 1463 4138; x_wconf 52' lang='lat' dir='ltr'><strong>l</strong></span> 
     </span>
    </p>

    <p class='ocr_par' dir='ltr' id='par_1_11' title="bbox 421 4226 1463 4314">
     <span class='ocr_line' id='line_1_32' title="bbox 421 4226 1463 4314; baseline -0.002 -24"><span class='ocrx_word' id='word_1_239' title='bbox 421 4227 469 4292; x_wconf 78' lang='lat' dir='ltr'><strong>Or.</strong></span> <span class='ocrx_word' id='word_1_240' title='bbox 514 4228 552 4292; x_wconf 92' lang='lat' dir='ltr'><strong>In</strong></span> <span class='ocrx_word' id='word_1_241' title='bbox 569 4226 743 4312; x_wconf 87' lang='lat' dir='ltr'><strong>adspectum</strong></span> <span class='ocrx_word' id='word_1_242' title='bbox 755 4227 866 4294; x_wconf 83' lang='lat' dir='ltr'><strong>venisti</strong></span> <span class='ocrx_word' id='word_1_243' title='bbox 879 4249 980 4292; x_wconf 86' lang='lat' dir='ltr'><strong>eorum</strong></span> <span class='ocrx_word' id='word_1_244' title='bbox 991 4276 998 4304; x_wconf 94' lang='lat'><strong>,</strong></span> <span class='ocrx_word' id='word_1_245' title='bbox 1011 4249 1087 4311; x_wconf 88' lang='lat' dir='ltr'><strong>quos</strong></span> <span class='ocrx_word' id='word_1_246' title='bbox 1098 4228 1245 4314; x_wconf 85' lang='lat' dir='ltr'><strong>flagitasti</strong></span> <span class='ocrx_word' id='word_1_247' title='bbox 1259 4227 1378 4292; x_wconf 91' lang='lat' dir='ltr'><strong>dudum.</strong></span> <span class='ocrx_word' id='word_1_248' title='bbox 1462 4243 1463 4252; x_wconf 53' lang='lat'><em>³</em></span> 
     </span>
    </p>
   </div>
   <div class='ocr_carea' id='block_1_5' title="bbox 0 0 1492 4964">
    <p class='ocr_par' dir='ltr' id='par_1_12' title="bbox 0 0 1492 4964">
     <span class='ocr_line' id='line_1_33' title="bbox 0 0 1492 4964; baseline 0 0"><span class='ocrx_word' id='word_1_249' title='bbox 0 0 1492 4964; x_wconf 95' lang='lat' dir='ltr'><strong> </strong></span> 
     </span>
    </p>
   </div>
  </div>
 </body>
</html>
