2956 4974
480 459 743 506 ruurarnurarro
774 459 908 505 immun.
1154 441 1195 503 47

191 647 306 730 poterat
329 647 433 722 antea,
456 667 532 729 quae
554 665 606 731 per
629 666 715 708 aures
738 647 914 727 mentesque
936 639 1041 729 populi
1061 645 1197 728 penetra-

190 761 254 841 bat,
273 786 358 829 nunc
376 763 468 829 abest.
499 765 601 828 Timet
617 764 736 848 aliquis.
768 763 911 828 Felicitas
928 785 960 826 ea
973 761 1197 828 inmortalibus
1232 763 1273 826 60

191 881 271 948 Deus
294 889 343 948 est
366 887 397 947 et
417 882 483 948 Deo
503 883 605 968 major.
640 883 764 946 Irrnens
784 881 916 968 adspicit
933 881 1071 966 justitia,
1091 880 1196 945 celeris

190 999 252 1064 aliis
271 1001 306 1064 iu
328 1001 409 1078 luce,
434 1001 544 1087 partim
567 1000 598 1085 (i.
611 1023 634 1064 e.
657 999 744 1084 alios)
769 1000 800 1063 in
824 999 984 1064 intervallo
1007 998 1195 1064 tenebrarum

190 1123 303 1196 manet,
326 1119 405 1184 tardi
431 1119 549 1186 dolores
573 1119 748 1184 exundant:
772 1118 847 1184 alios
870 1119 991 1183 infinita
1012 1139 1074 1182 nox
1098 1115 1196 1181 habet.

190 1235 242 1300 Per
270 1238 466 1324 sanguinem,
497 1259 584 1322 qnam
613 1243 692 1302 terra
723 1238 830 1302 nutrix
853 1236 947 1313 bibit,
969 1236 1075 1302 caedes
1099 1234 1194 1301 ultrix

191 1353 243 1418 fixa
266 1361 369 1420 manet
391 1378 448 1420 uec
472 1355 591 1420 diffluit.
634 1361 824 1422 Aerumnosa
847 1354 946 1420 clades
969 1359 1127 1420 nocentem
1151 1354 1195 1418 la-

190 1478 266 1539 cerat
294 1478 329 1538 ut
360 1474 464 1539 morbo
495 1474 629 1538 exundet
658 1475 784 1538 invicto.
830 1473 938 1560 Aperti
961 1471 1086 1536 thalami
1110 1471 1196 1536 nulla
1232 1484 1272 1546 70

189 1591 299 1656 medela
325 1597 389 1656 est:
420 1613 477 1656 nec
504 1597 615 1658 cuncta
638 1593 764 1657 flumina
786 1615 824 1658 ex
848 1613 908 1656 una
930 1591 980 1656 via
1002 1592 1106 1657 euntia
1130 1611 1196 1655 cae·

189 1708 250 1774 dem
283 1710 489 1776 detestabilem
522 1715 654 1797 purgant
685 1710 764 1776 malo
793 1711 941 1776 veniente.
976 1709 1092 1774 Verum
1115 1709 1194 1773 enim

189 1827 257 1894 mihi
275 1835 451 1917 oppugnata
467 1829 541 1895 urbe
551 1831 761 1896 necessitatem
775 1829 904 1895 attulere
916 1829 984 1894 Dii:
996 1851 1065 1894 nam
1078 1851 1094 1892 e
1106 1828 1194 1892 domo

189 1951 358 2033 paternam
382 1951 532 2037 captivam
551 1955 663 2014 sortem
680 1972 727 2014 me
747 1949 916 2014 duxerunt:
936 1948 1063 2034 utjusta
1075 1948 1193 2014 laudem

188 2069 215 2130 et
243 2067 372 2152 injusta,
404 2069 618 2133 convenientia
641 2068 800 2155 principiis
824 2068 920 2144 vitae,
939 2089 1034 2152 quum
1055 2089 1109 2153 per
1134 2068 1193 2132 vim

188 2184 327 2266 feramur,
349 2187 548 2272 acerbumque
570 2188 681 2252 mentia
704 2187 809 2252 odium
826 2207 1021 2272 compescam.
1045 2186 1194 2271 Lacrymo
1229 2197 1270 2258 80

188 2301 239 2366 sub
250 2304 384 2370 vestibus
395 2308 513 2372 inanem
527 2306 716 2371 dominorum
728 2304 983 2383 sortem,occult0
991 2305 1078 2370 luctu
1087 2305 1193 2392 gelata.

228 2423 279 2488 nt.
323 2425 432 2490 Sarrae
467 2425 622 2503 mulieres,
655 2425 762 2490 domus
796 2426 968 2503 ministrae,
1001 2425 1193 2509 quandoqui-

190 2537 252 2604 dem
274 2543 386 2608 adestis
409 2542 483 2608 mihi
513 2543 605 2628 hujus
637 2545 870 2631 supplicationis
902 2545 1044 2622 comites,
1076 2543 1112 2608 de
1134 2541 1193 2608 hoc

189 2679 295 2726 meeum
313 2661 486 2727 deliberate:
511 2664 543 2728 in
560 2663 711 2728 tumulum
734 2664 866 2730 lundens
889 2662 943 2728 has
963 2662 1123 2728 libationes
1143 2663 1190 2726 fu-

188 2778 297 2861 nebres,
317 2783 469 2866 quomodo
487 2783 574 2847 mitia
594 2783 716 2848 dicam?
734 2783 886 2869 quomodo
899 2787 1013 2869 patrem
1025 2781 1190 2868 precabor?

188 2895 291 2964 Utrum
314 2901 413 2966 dicam
434 2923 453 2964 a
472 2923 539 2966 cara
558 2923 606 2966 me
628 2923 698 2966 caro
720 2903 797 2966 ferre
814 2924 910 2968 uxore
925 2903 1048 2979 marito,
1065 2923 1081 2966 a
1098 2906 1192 2966 matre
1226 2913 1267 2973 90

188 3017 265 3081 mea?
293 3017 326 3082 id
354 3041 415 3084 uon
439 3019 552 3097 audeo,
574 3041 631 3084 nec
655 3021 719 3084 scio
741 3020 816 3105 quid
840 3019 954 3096 dicam,
978 3019 1108 3084 lundens
1131 3017 1190 3083 hoc

187 3130 274 3200 libum
303 3137 336 3200 in
369 3136 521 3202 tumulum
553 3139 656 3224 patris.
703 3141 753 3203 An
781 3138 865 3204 illam
887 3160 993 3203 vocem
1019 3137 1132 3214 dicam,
1155 3141 1190 3201 ut

188 3271 247 3316 nos
271 3259 317 3320 est
343 3255 538 3334 mortalibus,
562 3261 598 3322 ut
620 3262 827 3322 remuneretur
850 3258 1004 3322 mittentes
1028 3254 1081 3320 has
1105 3277 1189 3320 coro·
1271 3285 1276 3294 ·

187 3390 252 3448 uas,
281 3373 455 3458 donumque
485 3374 572 3440 malis
595 3375 721 3461 dignum
746 3374 885 3441 tribuet?
919 3377 971 3440 An
994 3374 1118 3440 silentio
1141 3375 1190 3442 in-

187 3484 339 3570 honorato,
362 3493 513 3578 quomodo
537 3494 658 3578 quidem
682 3495 773 3582 periit
796 3499 894 3580 pater,
918 3492 993 3559 haec
1016 3493 1189 3574 effundens,

187 3626 256 3688 qnae
282 3616 362 3677 terra
388 3610 487 3690 bibat,
515 3612 620 3690 abibo,
651 3617 687 3678 ut
709 3614 761 3698 qui
786 3612 889 3678 sordes
912 3611 1038 3697 abjecit,
1061 3635 1078 3676 a
1100 3619 1187 3700 tergo

188 3743 234 3790 ras
255 3727 397 3814 abjiciens
420 3731 569 3796 irretortis
592 3731 713 3797 oculis?
751 3731 841 3797 Hanc
863 3753 881 3796 o
905 3733 1018 3797 amicae
1042 3730 1187 3796 delibera·
1201 3743 1266 3804 luo

187 3841 288 3910 tionem
301 3848 447 3935 capessite
460 3871 591 3916 mecum:
613 3871 682 3914 nam
704 3871 863 3916 commune
878 3850 981 3916 odium
1000 3848 1089 3914 nobis
1106 3849 1186 3914 domi

90 3945 91 3952 i
188 3979 245 4028 ease
264 3972 412 4051 putamus.
453 3967 504 4032 Ne
526 3966 679 4032 occultate
701 3968 733 4032 in
758 3972 893 4054 pectore,
915 3968 1025 4034 timore
1047 3967 1187 4053 alicujus.

189 4078 259 4146 Nam
279 4086 341 4150 sata
362 4090 486 4152 manent
508 4085 636 4152 liberum
660 4087 773 4173 pariter
796 4092 826 4152 et
850 4109 918 4152 euna
939 4088 988 4152 cui
1006 4109 1112 4152 manus
1128 4086 1188 4152 ulia

189 4195 309 4287 imperat.
344 4204 456 4280 Dicas,
478 4205 505 4268 si
527 4205 602 4290 quid
625 4204 673 4272 his
698 4203 790 4272 habes
812 4206 928 4274 melius.
