2974 4982
549 505 748 551 1199991919.
1090 490 1153 552 199

141 685 257 750 Proeve
276 707 346 750 over
366 685 402 750 de
422 685 566 773 cedeliJlxe
585 685 772 752 schoouheid
790 686 843 750 der
856 696 951 772 po'e‘ry
966 708 1023 752 van
1035 686 1155 772 99911]-

142 803 206 882 lus,
227 827 255 891 p.
281 807 354 869 120.
967 783 970 786 Ι

94 930 96 934 ’
187 927 261 987 490.
306 925 352 997 δὸς
374 924 403 989 δέ
424 921 460 989 τ’.
505 925 554 988 ltu
582 923 670 989 libri:
694 925 814 988 malunt
836 923 889 988 clii
914 923 960 996 δὸς
983 924 1019 990 σὺ
1043 922 1076 1004 δ’,
1098 923 1152 988 9111

142 1041 303 1118 11991νῖ

187 1163 262 1225 490.
307 1161 458 1244 εὔμορφον.
503 1163 598 1226 Recte
630 1161 775 1226 collatum
797 1166 843 1225 est
865 1159 956 1247 Soph.
980 1161 1055 1224 Oed.
1080 1161 1151 1246 Tyr.

145 1283 207 1343 189
232 1281 334 1354 εὐῶπα
359 1279 478 1360 πέμψον
501 1278 607 1345 medo.

188 1406 262 1465 492.
308 1395 386 1482 ᾧσ’.
432 1401 468 1465 Μ
491 1396 558 1465 ὦισ’.
604 1401 646 1464 Et
676 1421 746 1464 vero
773 1401 806 1462 in
830 1421 865 1464 eo
888 1399 983 1477 libro,
1006 1405 1152 1484 quantum

143 1521 207 1584 scio
230 1524 260 1584 91
284 1520 423 1597 memini,
446 1520 513 1603 jota
535 1518 742 1604 subscriptum
765 1523 835 1605 post
857 1517 990 1582 vocalem
1013 1518 1085 1603 poni
1106 1539 1154 1580 so·

142 1637 262 1709 9991.
289 1642 347 1716 99,
371 1643 450 1716 919,
474 1643 556 1716 999,
581 1641 663 1714 919,
686 1641 768 1713 999,
793 1637 888 1700 1999.
997 1692 999 1696 .

187 1760 262 1821 492.
308 1757 462 1822 ἐκαίνισαν.
508 1759 613 1843 Agem.
639 1759 723 1822 1071
748 1753 881 1836 καινίζειν
901 1753 987 1834 ζυγὸν
1011 1759 1056 1819 est
1076 1755 1155 1819 uoci-

142 1897 218 1962 pere¹
246 1897 359 1940 novum
389 1876 514 1962 jugum:
549 1875 642 1940 simili
675 1876 765 1940 modo
795 1874 854 1939 hoo
877 1875 946 1939 1999
968 1874 1155 1960 explicatur:

142 2016 249 2059 recens
272 1995 483 2060 advenientem
506 1996 652 2080 excipere.
686 1994 726 2058 In
748 2017 809 2079 qua
832 1993 1033 2080 explicatione
1051 1993 1156 2078 acqui·

143 2135 222 2178 csco.
252 2113 470 2178 Blomficldus:

307 2232 438 2310 με’μννσν
461 2229 495 2308 δ’,
518 2230 748 2314 ἀμφίβληστρον
769 2233 806 2303 ὡς
831 2229 987 2295 ἐκαίνισαν.

144 2351 218 2415 Non
249 2350 340 2416 male:
373 2353 399 2416 si
425 2351 548 2436 quidem
571 2349 704 2430 καινίζειν
724 2349 801 2414 solet
824 2348 932 2416 hebere
955 2349 1155 2436 significatio-

144 2492 212 2534 nem
235 2469 352 2556 eliquid
375 2471 447 2537 novi
471 2469 610 2535 faciendi.
646 2467 834 2535 Abresohius
847 2468 978 2553 conjecit
990 2467 1153 2544 ἐκαίννσαν,

145 2589 289 2653 vincendi
316 2591 455 2654 notione:
487 2590 569 2675 quod
598 2594 698 2654 temen
731 2587 854 2653 verbum
877 2585 982 2664 habet,
1006 2591 1153 2671 quantum

146 2710 225 2786 ecio,
263 2709 389 2772 formam
420 2709 565 2786 medium,
595 2713 626 2772 91
657 2705 831 2792 Hesychius
861 2705 1029 2782 καίνυσίαι,
1057 2712 1155 2789 νικᾷνε

146 2825 321 2906 καιννμένα,
354 2827 572 2912 διαφθείρουσαι
596 2848 699 2892 verum
724 2826 805 2891 idem
827 2833 929 2890 tamen
951 2825 1092 2901 καινιίτω,
1117 2849 1156 2890 νι-

147 2943 240 3010 naisso:
264 2967 366 3010 verum
390 2946 479 3010 etiem
504 2944 637 3027 καινίζειν
659 2945 846 3010 Abreschius
868 2946 990 3031 putavit
1010 2943 1154 3008 caedendi

146 3061 252 3128 hebere
280 3065 450 3142 notionem,
482 3086 649 3152 provocans
676 3063 713 3128 ed
740 3064 929 3140 Lucienum‚
953 3064 1039 3128 Asin.
1063 3084 1088 3126 c.
1112 3063 1153 3125 40

146 3181 242 3264 σώζειν
276 3183 403 3260 ἐμαυτὸν
437 3184 469 3248 ἐκ
503 3190 555 3257 τῆς
585 3183 721 3256 cuculos:
753 3181 806 3248 ubi
836 3186 939 3246 tamen
962 3181 1154 3246 Jacobitcius

146 3299 220 3388 legit
251 3300 379 3374 ιασίδνςε
411 3303 636 3382 verumetiam
667 3301 879 3377 Herodianus,
906 3301 1037 3386 Epimer.
1061 3323 1089 3386 p.
1113 3302 1153 3363 63

145 3417 234 3484 hebet
258 3419 363 3498 καινὶς,
386 3422 402 3496 ἡ
426 3418 576 3501 μάχαιρα.
623 3419 809 3498 9119999199,
833 3419 968 3502 retinens
991 3417 1154 3494 ἐκαίνισαν,

145 3539 252 3603 vertit:
286 3545 487 3625 peremerunt.
532 3540 572 3602 In
607 3561 641 3603 eu
675 3539 940 3625 interpretatione,
974 3560 1064 3624 quam
1100 3559 1155 3602 nos

145 3659 315 3741 sequimur,
346 3679 444 3723 emere
466 3659 588 3723 videtur
611 3681 675 3723 esse
697 3658 882 3745 significatio
905 3657 1052 3722 adventus
1077 3655 1154 3720 cele·

146 3775 233 3840 breti.

190 3896 266 3957 494.
311 3895 340 3957 ἐν
373 3894 576 3974 καλύμμασιν.
621 3893 728 3960 Minus
763 3900 845 3959 recte
878 3893 991 3958 Portus
1027 3893 1157 3978 conjecit

147 4012 388 4092 ἑνκαλιίμμασιν.

190 4137 265 4197 498.
311 4132 422 4206 ἀνιῶσι
441 4133 557 4211 λαβεῖν.
602 4133 676 4198 Non
699 4137 781 4196 recte
799 4130 979 4196 scholiasta:
1000 4131 1155 4210 αντίλαβε.

148 4249 309 4321 Quomodo
340 4250 441 4316 tritum
473 4251 588 4317 dicitur
619 4272 688 4316 cum
718 4250 889 4327 infinitivo,
913 4254 1013 4314 9199.
1038 4251 1157 4329 17,919

1020 4371 1036 4425 9
