2972 4974
321 501 383 564 126
725 515 925 564 numerurm.

363 703 436 764 465.
481 698 602 764 οὶνὲλθοο.
647 699 698 764 Its
731 704 813 764 recte
846 699 1063 776 Welleuerus‚
1102 697 1337 766 Lnehmennum

320 820 451 882 secutus.
498 816 603 903 Vulgo
626 818 794 882 secundum
818 816 912 883 libros
936 815 972 884 im
995 815 1079 885 ἔλθοι.

364 939 438 1002 471.
483 935 619 1016 ἔμμοτον.
658 937 755 1014 Sunt,
773 939 827 1022 qui
843 938 1120 1024 interpunctionem
1138 941 1254 1026 ponant
1265 941 1340 1025 post

318 1053 432 1133 ἄλγος,
456 1059 487 1120 et
509 1077 565 1142 pro
588 1055 657 1128 ἑκὰς
680 1056 785 1144 legunt
806 1053 884 1129 ἄκος.
929 1057 987 1122 Est
1005 1061 1107 1124 autem
1126 1057 1254 1136 ἔμμοτον
1274 1079 1339 1122 me·

319 1172 524 1239 dicementnm
559 1173 728 1260 liquidnm,
763 1174 900 1240 linteolis
932 1176 1108 1262 concerptis
1132 1175 1253 1241 vulneri
1276 1176 1340 1263 ipsi

318 1293 461 1358 inditum.
507 1293 622 1358 Verum
658 1295 748 1358 etiem
784 1291 905 1373 ἔμμοτον
941 1294 1091 1360 dicuntur
1123 1296 1177 1380 qui
1209 1295 1341 1360 vnlnere

319 1434 392 1477 cavo
412 1410 559 1477 laborant.
604 1413 697 1499 Apud
719 1411 909 1497 Hesychinm
932 1417 978 1478 cst
1003 1411 1146 1494 ἔμμοτος,
1169 1414 1340 1494 τοονμοιτί-

320 1554 372 1607 οος,
395 1529 528 1606 vocetur:
553 1534 583 1594 et
606 1529 663 1595 hoc
686 1530 756 1596 loco
778 1531 817 1595 ed
840 1531 969 1610 ἔμμοτον
990 1535 1037 1596 est
1060 1530 1200 1597 scholion
1223 1531 1339 1598 ἔνονλον

319 1647 537 1725 ἢβοιούτοοτον.
582 1649 656 1714 Non
685 1648 785 1735 igitur
815 1647 940 1727 dubito,
970 1649 1046 1733 quin
1069 1648 1269 1734 conjunctum
1296 1651 1340 1714 sit

320 1789 389 1831 cnm
417 1765 528 1844 ἄλγος,
559 1764 616 1832 hac
643 1766 882 1854 significatione:
905 1789 924 1830 o
948 1767 1101 1846 dolorem,
1125 1767 1262 1833 vulneris
1286 1769 1337 1832 in-

320 1891 382 1950 stsr
411 1885 556 1972 profundi
585 1884 726 1951 domibus
755 1886 899 1951 inditum.
944 1886 1112 1953 Emendare
1133 1887 1258 1973 quidam
1283 1911 1340 1954 vo·

319 2003 444 2069 luerunt
464 2003 604 2083 ἕμμονον,
628 2003 676 2069 vel
699 2003 831 2085 ἔμμορον.

364 2126 438 2190 472.
482 2121 572 2188 rainl.
606 2121 694 2188 Libri
718 2129 773 2188 τῶν
786 2120 820 2188 δ’.
856 2119 978 2189 Mutari
999 2123 1037 2188 de
1057 2123 1233 2209 conjecturs
1254 2146 1338 2188 mee:

320 2241 389 2306 vide
419 2263 496 2327 quse
530 2241 566 2305 ed
602 2245 668 2308 474
702 2240 873 2328 disputabo.
919 2243 979 2308 Pro
1013 2241 1082 2315 ἑκὰς
1118 2241 1339 2321 Hermannus,

321 2359 503 2425 Dindorfius
529 2364 560 2425 et
588 2359 775 2426 Kluusenius
798 2359 960 2426 ediderunt
982 2359 1069 2439 ἄκος,
1092 2361 1185 2446 idque
1206 2361 1240 2426 iu
1265 2363 1337 2427 Me-

320 2480 406 2544 diceo
430 2501 493 2544 esse
516 2481 681 2544 affirmetur
704 2502 721 2543 a
740 2478 908 2543 Klausenio
928 2484 959 2544 et
978 2481 1011 2544 in
1023 2479 1158 2546 editione
1170 2479 1337 2568 Weigelii:

320 2598 357 2663 ab
392 2597 569 2663 Hermanno
602 2603 748 2684 negatur,
783 2597 835 2663 sed
866 2599 994 2664 affirmat
1024 2599 1068 2677 is,
1092 2601 1124 2664 in
1148 2598 1203 2663 illc
1227 2599 1338 2666 codice

319 2741 384 2782 esse
405 2717 483 2790 ἔνδος.
528 2716 711 2782 Schuetnius
745 2717 842 2781 edidit
869 2714 948 2790 ἔτνος.
995 2717 1152 2803 Stenlejus
1182 2719 1337 2805 cogitavit

321 2838 358 2902 de
380 2834 490 2902 ἕκαστ’.

366 2959 440 3022 474.
485 2954 590 3019 οοὶοονὰν
613 2952 675 3035 ἔρον.
720 2953 761 3016 In
785 2951 874 3018 libris
905 2960 1126 3036 cicumsepsit,
1154 2953 1219 3030 vel,
1240 2959 1278 3019 ut
1302 2956 1338 3020 in

321 3073 512 3162 Weigeliana
545 3073 680 3138 editione
713 3076 856 3150 notetur,
890 3072 956 3136 sine
987 3077 1124 3139 accentu.
1171 3072 1337 3139 Turnebus

321 3189 398 3259 αἰῶν’
416 3194 551 3273 οὶνοονρεῖν.
596 3193 635 3256 In
657 3191 819 3279 postremis
841 3190 941 3256 literis
963 3190 1057 3257 lutere
1079 3191 1133 3274 ἔρον
1153 3192 1234 3257 vidit
1253 3192 1338 3257 Her·

321 3335 468 3390 mannus,
500 3331 593 3397 esque
622 3309 793 3375 emendatio
825 3310 1021 3375 confirmetur
1049 3309 1167 3376 scholio
1198 3305 1231 3387 ἣν
1258 3310 1337 3392 ἤρισε

321 3431 403 3513 πρὸςΙ
423 3431 473 3496 τὸν
506 3428 630 3509 ποτέον.
675 3429 871 3494 Hermannus
905 3450 978 3517 ergo
1013 3429 1098 3494 dedit
1133 3428 1239 3494 διώκειν
1269 3429 1336 3510 ἔριν.

322 3548 509 3614 chusenius
532 3551 563 3612 et
586 3546 766 3612 Dindorfins
788 3545 822 3612 δι’
845 3547 928 3623 ὠμὰν
949 3545 1011 3628 ἔρον.
1050 3545 1132 3613 Mihi
1155 3547 1337 3632 conjicienti

321 3667 516 3733 scribendum
544 3687 609 3731 esse
639 3667 737 3732 visum
768 3671 816 3731 est
845 3665 951 3731 οοῐοονοὶν
974 3664 1036 3747 ἔρον.
1081 3665 1183 3740 Quem
1206 3666 1337 3732 faciles

321 3791 352 3851 et
373 3812 399 3865 μ
420 3788 501 3852 inter
523 3807 555 3850 se
577 3788 803 3872 permutentur,
836 3784 972 3850 ostendit
1001 3785 1125 3852 Bestius
1148 3808 1176 3872 p.
1201 3789 1281 3865 ⁷25,
1304 3791 1338 3850 et

321 3904 492 3992 exemplum
521 3905 586 3989 ejus
609 3905 787 3970 mutationis
815 3905 1010 3970 manifestum
1032 3912 1079 3971 est
1101 3904 1193 3990 hujus
1216 3903 1336 3970 lsbulae

322 4046 365 4088 vs.
389 4027 484 4089 1001.
531 4024 579 4088 De
602 4025 770 4089 mutatione
793 4024 947 4089 literarum
969 4048 991 4090 οι
1008 4028 1040 4089 et
1056 4049 1078 4089 ω
1094 4025 1174 4089 idern
1196 4025 1336 4111 disputet

321 4165 369 4230 pp.
400 4147 481 4219 708,
514 4146 595 4221 ⁷39,
619 4145 702 4209 748:
726 4145 872 4227 atque-in
896 4149 1048 4228 postrema
1070 4148 1171 4208 temen
1197 4143 1335 4230 disputo·

320 4264 404 4326 tione
440 4263 539 4326 miuus
575 4262 737 4348 diligenter
770 4267 875 4326 auctor
907 4264 1104 4328 doctissimus
1129 4269 1251 4342 notam,
1274 4285 1335 4347 que
