<?xml version="1.0" encoding="UTF-8"?>
<!DOCTYPE html PUBLIC "-//W3C//DTD XHTML 1.0 Transitional//EN"
    "http://www.w3.org/TR/xhtml1/DTD/xhtml1-transitional.dtd">
<html xmlns="http://www.w3.org/1999/xhtml" xml:lang="en" lang="en">
 <head>
  <title>
</title>
<meta http-equiv="Content-Type" content="text/html;charset=utf-8" />
  <meta name='ocr-system' content='tesseract 3.04.00' />
  <meta name='ocr-capabilities' content='ocr_page ocr_carea ocr_par ocr_line ocrx_word'/>
</head>
<body>
  <div class='ocr_page' id='page_1' title='image "aeschylichoepho00jonggoog_0120.png"; bbox 0 0 2972 4974; ppageno 0'>
   <div class='ocr_carea' id='block_1_1' title="bbox 329 517 931 580">
    <p class='ocr_par' dir='ltr' id='par_1_1' title="bbox 329 517 931 580">
     <span class='ocr_line' id='line_1_1' title="bbox 329 517 931 580; baseline -0.005 -1"><span class='ocrx_word' id='word_1_1' title='bbox 329 517 392 580; x_wconf 90' lang='grc'><strong>108</strong></span> <span class='ocrx_word' id='word_1_2' title='bbox 731 531 931 579; x_wconf 74' lang='lat' dir='ltr'><strong>auuora‘rro.</strong></span> 
     </span>
    </p>
   </div>
   <div class='ocr_carea' id='block_1_2' title="bbox 325 713 1344 2348">
    <p class='ocr_par' dir='ltr' id='par_1_2' title="bbox 327 713 1342 1164">
     <span class='ocr_line' id='line_1_2' title="bbox 373 713 1341 803; baseline 0 -21"><span class='ocrx_word' id='word_1_3' title='bbox 373 721 447 782; x_wconf 80' lang='grc'><strong>808.</strong></span> <span class='ocrx_word' id='word_1_4' title='bbox 491 714 681 794; x_wconf 68' lang='lat' dir='ltr'><strong>illuderer.</strong></span> <span class='ocrx_word' id='word_1_5' title='bbox 729 713 873 780; x_wconf 78' lang='lat' dir='ltr'><strong>Dubitari</strong></span> <span class='ocrx_word' id='word_1_6' title='bbox 909 719 1026 802; x_wconf 83' lang='lat' dir='ltr'><strong>potest,</strong></span> <span class='ocrx_word' id='word_1_7' title='bbox 1060 738 1098 780; x_wconf 90' lang='lat' dir='ltr'><strong>an</strong></span> <span class='ocrx_word' id='word_1_8' title='bbox 1129 717 1341 803; x_wconf 80' lang='lat' dir='ltr'><strong>significetur,</strong></span> 
     </span>
     <span class='ocr_line' id='line_1_3' title="bbox 328 835 1341 925; baseline 0 -23"><span class='ocrx_word' id='word_1_9' title='bbox 328 858 483 925; x_wconf 81' lang='lat' dir='ltr'><strong>apparere,</strong></span> <span class='ocrx_word' id='word_1_10' title='bbox 505 835 645 922; x_wconf 81' lang='lat' dir='ltr'><strong>reperiri,</strong></span> <span class='ocrx_word' id='word_1_11' title='bbox 667 840 842 912; x_wconf 80' lang='lat' dir='ltr'>nocentem,</span> <span class='ocrx_word' id='word_1_12' title='bbox 865 856 966 913; x_wconf 90' lang='lat' dir='ltr'><strong>reum,</strong></span> <span class='ocrx_word' id='word_1_13' title='bbox 987 840 1023 900; x_wconf 90' lang='lat' dir='ltr'><strong>ut</strong></span> <span class='ocrx_word' id='word_1_14' title='bbox 1041 857 1154 924; x_wconf 76' lang='lat' dir='ltr'><strong>poenam</strong></span> <span class='ocrx_word' id='word_1_15' title='bbox 1172 837 1248 902; x_wconf 85' lang='lat' dir='ltr'><strong>luat.</strong></span> <span class='ocrx_word' id='word_1_16' title='bbox 1279 838 1341 902; x_wconf 93' lang='lat' dir='ltr'><strong>Po-</strong></span> 
     </span>
     <span class='ocr_line' id='line_1_4' title="bbox 327 953 1342 1042; baseline 0 -20"><span class='ocrx_word' id='word_1_17' title='bbox 327 958 389 1023; x_wconf 87' lang='lat' dir='ltr'><strong>tius</strong></span> <span class='ocrx_word' id='word_1_18' title='bbox 413 955 519 1033; x_wconf 88' lang='lat' dir='ltr'><strong>oredo,</strong></span> <span class='ocrx_word' id='word_1_19' title='bbox 543 953 710 1041; x_wconf 84' lang='lat' dir='ltr'><strong>significari</strong></span> <span class='ocrx_word' id='word_1_20' title='bbox 731 960 900 1032; x_wconf 89' lang='lat' dir='ltr'><strong>mortuum,</strong></span> <span class='ocrx_word' id='word_1_21' title='bbox 918 956 971 1040; x_wconf 90' lang='lat' dir='ltr'><strong>qui</strong></span> <span class='ocrx_word' id='word_1_22' title='bbox 992 979 1083 1041; x_wconf 91' lang='lat' dir='ltr'><strong>quum</strong></span> <span class='ocrx_word' id='word_1_23' title='bbox 1106 957 1254 1022; x_wconf 87' lang='lat' dir='ltr'><strong>moriatur</strong></span> <span class='ocrx_word' id='word_1_24' title='bbox 1268 959 1342 1042; x_wconf 90' lang='lat' dir='ltr'><strong>qui-</strong></span> 
     </span>
     <span class='ocr_line' id='line_1_5' title="bbox 327 1075 1316 1164; baseline -0.002 -21"><span class='ocrx_word' id='word_1_25' title='bbox 327 1077 394 1142; x_wconf 90' lang='lat' dir='ltr'><strong>dem</strong></span> <span class='ocrx_word' id='word_1_26' title='bbox 423 1075 611 1162; x_wconf 84' lang='lat' dir='ltr'><strong>deploratur,</strong></span> <span class='ocrx_word' id='word_1_27' title='bbox 635 1095 741 1138; x_wconf 87' lang='lat' dir='ltr'><strong>verum</strong></span> <span class='ocrx_word' id='word_1_28' title='bbox 764 1079 868 1160; x_wconf 84' lang='lat' dir='ltr'><strong>postea</strong></span> <span class='ocrx_word' id='word_1_29' title='bbox 890 1075 1053 1161; x_wconf 80' lang='lat' dir='ltr'><strong>puniturus</strong></span> <span class='ocrx_word' id='word_1_30' title='bbox 1076 1097 1142 1141; x_wconf 86' lang='lat' dir='ltr'><strong>reos</strong></span> <span class='ocrx_word' id='word_1_31' title='bbox 1165 1081 1316 1164; x_wconf 80' lang='lat' dir='ltr'><strong>appareat.</strong></span> 
     </span>
    </p>

    <p class='ocr_par' dir='ltr' id='par_1_3' title="bbox 325 1190 1343 1398">
     <span class='ocr_line' id='line_1_6' title="bbox 371 1190 1343 1282; baseline 0.002 -23"><span class='ocrx_word' id='word_1_32' title='bbox 371 1197 443 1260; x_wconf 79' lang='lat'><strong>829.</strong></span> <span class='ocrx_word' id='word_1_33' title='bbox 489 1193 620 1273; x_wconf 67' lang='grc' dir='ltr'><strong>πατέρων</strong></span> <span class='ocrx_word' id='word_1_34' title='bbox 642 1217 676 1257; x_wconf 84' lang='grc' dir='ltr'><strong>σε</strong></span> <span class='ocrx_word' id='word_1_35' title='bbox 696 1190 745 1256; x_wconf 71' lang='lat' dir='ltr'><strong>eal</strong></span> <span class='ocrx_word' id='word_1_36' title='bbox 771 1191 919 1259; x_wconf 73' lang='grc' dir='ltr'><em>τεκόντων.</em></span> <span class='ocrx_word' id='word_1_37' title='bbox 966 1194 1061 1259; x_wconf 85' lang='lat' dir='ltr'><strong>Recte</strong></span> <span class='ocrx_word' id='word_1_38' title='bbox 1082 1200 1272 1282; x_wconf 85' lang='lat' dir='ltr'><strong>comparatus</strong></span> <span class='ocrx_word' id='word_1_39' title='bbox 1293 1201 1343 1261; x_wconf 87' lang='lat' dir='ltr'><strong>est</strong></span> 
     </span>
     <span class='ocr_line' id='line_1_7' title="bbox 325 1311 912 1398; baseline -0.005 -20"><span class='ocrx_word' id='word_1_40' title='bbox 325 1314 412 1378; x_wconf 89' lang='lat' dir='ltr'><strong>locus</strong></span> <span class='ocrx_word' id='word_1_41' title='bbox 436 1311 607 1398; x_wconf 79' lang='lat' dir='ltr'><strong>Euripidis,</strong></span> <span class='ocrx_word' id='word_1_42' title='bbox 632 1311 721 1376; x_wconf 87' lang='lat' dir='ltr'><strong>Hero.</strong></span> <span class='ocrx_word' id='word_1_43' title='bbox 744 1312 802 1376; x_wconf 82' lang='lat' dir='ltr'><strong>fur.</strong></span> <span class='ocrx_word' id='word_1_44' title='bbox 827 1313 912 1376; x_wconf 86' lang='grc'><strong>1889</strong></span> 
     </span>
    </p>

    <p class='ocr_par' dir='ltr' id='par_1_4' title="bbox 326 1431 1343 1740">
     <span class='ocr_line' id='line_1_8' title="bbox 539 1431 1090 1515; baseline 0.002 -19"><span class='ocrx_word' id='word_1_45' title='bbox 539 1431 676 1515; x_wconf 54' lang='lat' dir='ltr'><strong>leudo-ar</strong></span> <span class='ocrx_word' id='word_1_46' title='bbox 699 1433 746 1512; x_wconf 80' lang='grc' dir='ltr'><em>χώ</em></span> <span class='ocrx_word' id='word_1_47' title='bbox 769 1433 858 1498; x_wconf 76' lang='grc' dir='ltr'><strong><em>τεκὼν</em></strong></span> <span class='ocrx_word' id='word_1_48' title='bbox 882 1432 959 1510; x_wconf 70' lang='grc' dir='ltr'><strong>ὑμᾶς</strong></span> <span class='ocrx_word' id='word_1_49' title='bbox 983 1433 1090 1513; x_wconf 72' lang='grc' dir='ltr'><strong><em>πατήρ.</em></strong></span> 
     </span>
     <span class='ocr_line' id='line_1_9' title="bbox 327 1549 1343 1636; baseline 0.002 -22"><span class='ocrx_word' id='word_1_50' title='bbox 327 1549 492 1615; x_wconf 83' lang='lat' dir='ltr'><strong>Geuitivus</strong></span> <span class='ocrx_word' id='word_1_51' title='bbox 521 1549 624 1614; x_wconf 90' lang='lat' dir='ltr'><strong>eodem</strong></span> <span class='ocrx_word' id='word_1_52' title='bbox 655 1549 745 1613; x_wconf 92' lang='lat' dir='ltr'><strong>modo</strong></span> <span class='ocrx_word' id='word_1_53' title='bbox 774 1549 885 1636; x_wconf 91' lang='lat' dir='ltr'><strong>pendat</strong></span> <span class='ocrx_word' id='word_1_54' title='bbox 916 1571 934 1612; x_wconf 88' lang='lat' dir='ltr'><strong>a</strong></span> <span class='ocrx_word' id='word_1_55' title='bbox 964 1550 1048 1628; x_wconf 74' lang='grc' dir='ltr'><em>γόος,</em></span> <span class='ocrx_word' id='word_1_56' title='bbox 1078 1554 1114 1615; x_wconf 88' lang='lat' dir='ltr'><strong>ut</strong></span> <span class='ocrx_word' id='word_1_57' title='bbox 1139 1551 1202 1616; x_wconf 90' lang='grc'><strong>800</strong></span> <span class='ocrx_word' id='word_1_58' title='bbox 1226 1551 1343 1632; x_wconf 72' lang='grc' dir='ltr'><em>πατρὸς</em></span> 
     </span>
     <span class='ocr_line' id='line_1_10' title="bbox 326 1668 431 1740; baseline -0.019 -6"><span class='ocrx_word' id='word_1_59' title='bbox 326 1668 431 1740; x_wconf 73' lang='grc' dir='ltr'><strong><em>πένθος.</em></strong></span> 
     </span>
    </p>

    <p class='ocr_par' dir='ltr' id='par_1_5' title="bbox 325 1785 1344 2348">
     <span class='ocr_line' id='line_1_11' title="bbox 371 1785 1344 1875; baseline 0.003 -24"><span class='ocrx_word' id='word_1_60' title='bbox 371 1789 443 1857; x_wconf 82' lang='grc'><strong>880.</strong></span> <span class='ocrx_word' id='word_1_61' title='bbox 488 1785 599 1858; x_wconf 71' lang='grc' dir='ltr'><strong><em>ἔνδικος.</em></strong></span> <span class='ocrx_word' id='word_1_62' title='bbox 645 1785 900 1873; x_wconf 71' lang='lat' dir='ltr'><strong>conjungendum</strong></span> <span class='ocrx_word' id='word_1_63' title='bbox 917 1809 986 1852; x_wconf 88' lang='lat' dir='ltr'><strong>cum</strong></span> <span class='ocrx_word' id='word_1_64' title='bbox 1002 1786 1135 1867; x_wconf 64' lang='lat' dir='ltr'><strong>pareda.</strong></span> <span class='ocrx_word' id='word_1_65' title='bbox 1159 1788 1344 1875; x_wconf 78' lang='lat' dir='ltr'><strong>Respondet</strong></span> 
     </span>
     <span class='ocr_line' id='line_1_12' title="bbox 326 1905 1344 1991; baseline 0.004 -21"><span class='ocrx_word' id='word_1_66' title='bbox 326 1905 444 1970; x_wconf 86' lang='lat' dir='ltr'><strong>Chorus</strong></span> <span class='ocrx_word' id='word_1_67' title='bbox 471 1906 703 1991; x_wconf 80' lang='lat' dir='ltr'><strong>interrogationi</strong></span> <span class='ocrx_word' id='word_1_68' title='bbox 724 1906 850 1972; x_wconf 80' lang='lat' dir='ltr'><strong>Orestae</strong></span> <span class='ocrx_word' id='word_1_69' title='bbox 870 1928 912 1970; x_wconf 77' lang='lat' dir='ltr'><strong>vs.</strong></span> <span class='ocrx_word' id='word_1_70' title='bbox 929 1910 1015 1984; x_wconf 84' lang='grc'><strong>815,</strong></span> <span class='ocrx_word' id='word_1_71' title='bbox 1041 1906 1114 1991; x_wconf 88' lang='lat' dir='ltr'><strong>quid</strong></span> <span class='ocrx_word' id='word_1_72' title='bbox 1135 1929 1172 1972; x_wconf 85' lang='lat' dir='ltr'><strong>ex</strong></span> <span class='ocrx_word' id='word_1_73' title='bbox 1192 1928 1224 1970; x_wconf 90' lang='lat' dir='ltr'><strong>re</strong></span> <span class='ocrx_word' id='word_1_74' title='bbox 1239 1907 1344 1974; x_wconf 90' lang='lat' dir='ltr'><strong>facere</strong></span> 
     </span>
     <span class='ocr_line' id='line_1_13' title="bbox 325 2025 1342 2113; baseline 0.002 -24"><span class='ocrx_word' id='word_1_75' title='bbox 325 2029 443 2113; x_wconf 76' lang='lat' dir='ltr'><strong>poscet,</strong></span> <span class='ocrx_word' id='word_1_76' title='bbox 465 2025 582 2090; x_wconf 85' lang='lat' dir='ltr'><strong>luctum</strong></span> <span class='ocrx_word' id='word_1_77' title='bbox 603 2025 640 2090; x_wconf 88' lang='lat' dir='ltr'><strong>de</strong></span> <span class='ocrx_word' id='word_1_78' title='bbox 662 2029 747 2111; x_wconf 86' lang='lat' dir='ltr'><strong>patre</strong></span> <span class='ocrx_word' id='word_1_79' title='bbox 770 2031 962 2112; x_wconf 86' lang='lat' dir='ltr'><strong>susceptum,</strong></span> <span class='ocrx_word' id='word_1_80' title='bbox 985 2026 1012 2090; x_wconf 91' lang='lat' dir='ltr'><strong>si</strong></span> <span class='ocrx_word' id='word_1_81' title='bbox 1035 2027 1219 2104; x_wconf 88' lang='lat' dir='ltr'><strong>immensus,</strong></span> <span class='ocrx_word' id='word_1_82' title='bbox 1238 2049 1342 2111; x_wconf 87' lang='lat' dir='ltr'><strong>quan-</strong></span> 
     </span>
     <span class='ocr_line' id='line_1_14' title="bbox 325 2143 1342 2222; baseline 0 -12"><span class='ocrx_word' id='word_1_83' title='bbox 325 2150 377 2210; x_wconf 86' lang='lat' dir='ltr'><strong>tus</strong></span> <span class='ocrx_word' id='word_1_84' title='bbox 407 2149 468 2221; x_wconf 85' lang='lat' dir='ltr'><strong>eat,</strong></span> <span class='ocrx_word' id='word_1_85' title='bbox 496 2143 652 2221; x_wconf 90' lang='lat' dir='ltr'><strong>turbatur,</strong></span> <span class='ocrx_word' id='word_1_86' title='bbox 675 2145 840 2221; x_wconf 82' lang='lat' dir='ltr'><strong>excitatur,</strong></span> <span class='ocrx_word' id='word_1_87' title='bbox 863 2147 1017 2222; x_wconf 84' lang='lat' dir='ltr'><strong>moretur,</strong></span> <span class='ocrx_word' id='word_1_88' title='bbox 1042 2167 1058 2208; x_wconf 89' lang='lat' dir='ltr'><strong>a</strong></span> <span class='ocrx_word' id='word_1_89' title='bbox 1080 2145 1165 2209; x_wconf 90' lang='lat' dir='ltr'><strong>nulla</strong></span> <span class='ocrx_word' id='word_1_90' title='bbox 1184 2165 1216 2209; x_wconf 89' lang='lat' dir='ltr'><strong>re</strong></span> <span class='ocrx_word' id='word_1_91' title='bbox 1238 2143 1342 2210; x_wconf 86' lang='lat' dir='ltr'><strong>absti-</strong></span> 
     </span>
     <span class='ocr_line' id='line_1_15' title="bbox 326 2259 1342 2348; baseline 0.001 -20"><span class='ocrx_word' id='word_1_92' title='bbox 326 2284 396 2328; x_wconf 89' lang='lat' dir='ltr'><strong>uere</strong></span> <span class='ocrx_word' id='word_1_93' title='bbox 426 2263 477 2327; x_wconf 85' lang='lat' dir='ltr'><strong>sed</strong></span> <span class='ocrx_word' id='word_1_94' title='bbox 506 2263 628 2346; x_wconf 86' lang='lat' dir='ltr'><strong>quidvis</strong></span> <span class='ocrx_word' id='word_1_95' title='bbox 654 2263 827 2347; x_wconf 83' lang='lat' dir='ltr'><strong>exquirere,</strong></span> <span class='ocrx_word' id='word_1_96' title='bbox 849 2263 882 2326; x_wconf 89' lang='lat' dir='ltr'><strong>iu</strong></span> <span class='ocrx_word' id='word_1_97' title='bbox 906 2285 999 2348; x_wconf 87' lang='lat' dir='ltr'><strong>eoque</strong></span> <span class='ocrx_word' id='word_1_98' title='bbox 1021 2259 1160 2328; x_wconf 86' lang='lat' dir='ltr'><strong>faciendo</strong></span> <span class='ocrx_word' id='word_1_99' title='bbox 1186 2285 1250 2327; x_wconf 85' lang='lat' dir='ltr'><strong>esse</strong></span> <span class='ocrx_word' id='word_1_100' title='bbox 1269 2263 1342 2348; x_wconf 82' lang='lat' dir='ltr'><strong>ju&#39;s-</strong></span> 
     </span>
    </p>
   </div>
   <div class='ocr_carea' id='block_1_3' title="bbox 327 2381 1473 2470">
    <p class='ocr_par' dir='ltr' id='par_1_6' title="bbox 327 2381 1473 2470">
     <span class='ocr_line' id='line_1_16' title="bbox 327 2381 1473 2470; baseline 0.002 -23"><span class='ocrx_word' id='word_1_101' title='bbox 327 2389 407 2448; x_wconf 87' lang='lat' dir='ltr'><strong>tum:</strong></span> <span class='ocrx_word' id='word_1_102' title='bbox 433 2403 528 2468; x_wconf 91' lang='lat' dir='ltr'><strong>neque</strong></span> <span class='ocrx_word' id='word_1_103' title='bbox 551 2405 618 2448; x_wconf 90' lang='lat' dir='ltr'><strong>eum</strong></span> <span class='ocrx_word' id='word_1_104' title='bbox 641 2381 806 2466; x_wconf 81' lang='lat' dir='ltr'><strong>quidquam</strong></span> <span class='ocrx_word' id='word_1_105' title='bbox 829 2383 974 2468; x_wconf 82' lang='lat' dir='ltr'><strong>effugere,</strong></span> <span class='ocrx_word' id='word_1_106' title='bbox 997 2385 1072 2468; x_wconf 89' lang='lat' dir='ltr'><strong>quin</strong></span> <span class='ocrx_word' id='word_1_107' title='bbox 1091 2405 1202 2469; x_wconf 88' lang='lat' dir='ltr'><strong>poenas</strong></span> <span class='ocrx_word' id='word_1_108' title='bbox 1224 2384 1343 2470; x_wconf 82' lang='lat' dir='ltr'><strong>erigat.</strong></span> <span class='ocrx_word' id='word_1_109' title='bbox 1472 2461 1473 2469; x_wconf 8' lang='grc' dir='ltr'>ἵ</span> 
     </span>
    </p>
   </div>
   <div class='ocr_carea' id='block_1_4' title="bbox 326 2495 1342 2709">
    <p class='ocr_par' dir='ltr' id='par_1_7' title="bbox 326 2495 1342 2709">
     <span class='ocr_line' id='line_1_17' title="bbox 326 2495 1340 2586; baseline 0 -19"><span class='ocrx_word' id='word_1_110' title='bbox 326 2495 491 2583; x_wconf 66' lang='lat' dir='ltr'><strong>Turratenses</strong></span> <span class='ocrx_word' id='word_1_111' title='bbox 515 2506 578 2566; x_wconf 79' lang='lat'><strong>289</strong></span> <span class='ocrx_word' id='word_1_112' title='bbox 602 2501 800 2586; x_wconf 88' lang='lat' dir='ltr'><strong>conjungitur</strong></span> <span class='ocrx_word' id='word_1_113' title='bbox 823 2523 890 2565; x_wconf 91' lang='lat' dir='ltr'><strong>cum</strong></span> <span class='ocrx_word' id='word_1_114' title='bbox 911 2507 1005 2566; x_wconf 84' lang='grc' dir='ltr'><strong><em>κινεῖν.</em></strong></span> <span class='ocrx_word' id='word_1_115' title='bbox 1038 2502 1232 2567; x_wconf 81' lang='lat' dir='ltr'><strong>Hermanuua</strong></span> <span class='ocrx_word' id='word_1_116' title='bbox 1252 2524 1340 2568; x_wconf 87' lang='lat' dir='ltr'><strong>reca-</strong></span> 
     </span>
     <span class='ocr_line' id='line_1_18' title="bbox 326 2619 1342 2709; baseline 0.002 -24"><span class='ocrx_word' id='word_1_117' title='bbox 326 2622 373 2709; x_wconf 84' lang='lat' dir='ltr'><strong>pit</strong></span> <span class='ocrx_word' id='word_1_118' title='bbox 403 2619 592 2685; x_wconf 85' lang='lat' dir='ltr'><strong>Lachmanni</strong></span> <span class='ocrx_word' id='word_1_119' title='bbox 624 2619 827 2704; x_wconf 84' lang='lat' dir='ltr'><strong>conjecturam</strong></span> <span class='ocrx_word' id='word_1_120' title='bbox 854 2619 943 2700; x_wconf 70' lang='grc' dir='ltr'><strong><em>ῥιπὰν</em></strong></span> <span class='ocrx_word' id='word_1_121' title='bbox 969 2642 1024 2707; x_wconf 94' lang='lat' dir='ltr'><strong>pro</strong></span> <span class='ocrx_word' id='word_1_122' title='bbox 1051 2621 1085 2687; x_wconf 79' lang='grc' dir='ltr'><strong>τὸ</strong></span> <span class='ocrx_word' id='word_1_123' title='bbox 1111 2623 1187 2697; x_wconf 70' lang='grc' dir='ltr'><strong>πᾶν,</strong></span> <span class='ocrx_word' id='word_1_124' title='bbox 1206 2619 1342 2687; x_wconf 83' lang='lat' dir='ltr'><strong>Schuet-</strong></span> 
     </span>
    </p>
   </div>
   <div class='ocr_carea' id='block_1_5' title="bbox 327 2737 1472 2821">
    <p class='ocr_par' dir='ltr' id='par_1_8' title="bbox 327 2737 1472 2821">
     <span class='ocr_line' id='line_1_19' title="bbox 327 2737 1472 2821; baseline 0.002 -17"><span class='ocrx_word' id='word_1_125' title='bbox 327 2741 392 2804; x_wconf 86' lang='lat' dir='ltr'><strong>nius</strong></span> <span class='ocrx_word' id='word_1_126' title='bbox 427 2739 534 2804; x_wconf 82' lang='lat' dir='ltr'><strong>suadet</strong></span> <span class='ocrx_word' id='word_1_127' title='bbox 568 2740 676 2804; x_wconf 71' lang='grc' dir='ltr'><strong><em>σσινσὶν.</em></strong></span> <span class='ocrx_word' id='word_1_128' title='bbox 722 2737 867 2804; x_wconf 82' lang='lat' dir='ltr'><strong>Scholion</strong></span> <span class='ocrx_word' id='word_1_129' title='bbox 899 2745 945 2804; x_wconf 86' lang='lat' dir='ltr'><strong>est</strong></span> <span class='ocrx_word' id='word_1_130' title='bbox 970 2739 1053 2821; x_wconf 79' lang='grc' dir='ltr'><em>ζητεῖ</em></span> <span class='ocrx_word' id='word_1_131' title='bbox 1081 2739 1115 2806; x_wconf 78' lang='grc' dir='ltr'><strong>τὸ</strong></span> <span class='ocrx_word' id='word_1_132' title='bbox 1136 2741 1342 2821; x_wconf 79' lang='grc' dir='ltr'><strong><em>σὶνσισιμωρεῑ-</em></strong></span> <span class='ocrx_word' id='word_1_133' title='bbox 1471 2745 1472 2763; x_wconf 69' lang='grc'>’</span> 
     </span>
    </p>
   </div>
   <div class='ocr_carea' id='block_1_6' title="bbox 326 2855 1341 3160">
    <p class='ocr_par' dir='ltr' id='par_1_9' title="bbox 326 2855 1341 3160">
     <span class='ocr_line' id='line_1_20' title="bbox 326 2855 1341 2938; baseline 0.003 -16"><span class='ocrx_word' id='word_1_134' title='bbox 326 2859 408 2936; x_wconf 74' lang='lat' dir='ltr'><strong>clar,</strong></span> <span class='ocrx_word' id='word_1_135' title='bbox 430 2863 462 2921; x_wconf 88' lang='lat' dir='ltr'><strong>et</strong></span> <span class='ocrx_word' id='word_1_136' title='bbox 485 2858 611 2922; x_wconf 88' lang='lat' dir='ltr'><strong>alterum</strong></span> <span class='ocrx_word' id='word_1_137' title='bbox 634 2855 717 2938; x_wconf 75' lang='grc' dir='ltr'><em>ζητεῖ</em></span> <span class='ocrx_word' id='word_1_138' title='bbox 735 2857 788 2930; x_wconf 72' lang='grc' dir='ltr'><strong>τὴν</strong></span> <span class='ocrx_word' id='word_1_139' title='bbox 810 2857 957 2934; x_wconf 69' lang='grc' dir='ltr'><strong><em>ἐκδίκησιν.</em></strong></span> <span class='ocrx_word' id='word_1_140' title='bbox 1004 2859 1144 2924; x_wconf 77' lang='lat' dir='ltr'><strong>Fortasse</strong></span> <span class='ocrx_word' id='word_1_141' title='bbox 1173 2860 1206 2924; x_wconf 93' lang='lat' dir='ltr'><strong>iu</strong></span> <span class='ocrx_word' id='word_1_142' title='bbox 1232 2859 1341 2933; x_wconf 70' lang='grc' dir='ltr'><strong><em>ἔνδικος</em></strong></span> 
     </span>
     <span class='ocr_line' id='line_1_21' title="bbox 326 2976 1340 3065; baseline 0.004 -24"><span class='ocrx_word' id='word_1_143' title='bbox 326 2977 427 3061; x_wconf 86' lang='lat' dir='ltr'><strong>aliqua</strong></span> <span class='ocrx_word' id='word_1_144' title='bbox 447 2977 597 3064; x_wconf 83' lang='lat' dir='ltr'><strong>scriptura</strong></span> <span class='ocrx_word' id='word_1_145' title='bbox 620 2977 711 3053; x_wconf 88' lang='lat' dir='ltr'><strong>latet,</strong></span> <span class='ocrx_word' id='word_1_146' title='bbox 735 2998 824 3061; x_wconf 90' lang='lat' dir='ltr'><strong>quam</strong></span> <span class='ocrx_word' id='word_1_147' title='bbox 847 2977 911 3042; x_wconf 87' lang='lat' dir='ltr'><strong>illis</strong></span> <span class='ocrx_word' id='word_1_148' title='bbox 936 2976 1033 3044; x_wconf 85' lang='lat' dir='ltr'><strong>verbis</strong></span> <span class='ocrx_word' id='word_1_149' title='bbox 1057 2978 1227 3065; x_wconf 84' lang='lat' dir='ltr'><strong>explicuere</strong></span> <span class='ocrx_word' id='word_1_150' title='bbox 1245 2978 1340 3045; x_wconf 85' lang='lat' dir='ltr'><strong>scho-</strong></span> 
     </span>
     <span class='ocr_line' id='line_1_22' title="bbox 326 3096 438 3160; baseline -0.009 0"><span class='ocrx_word' id='word_1_151' title='bbox 326 3096 438 3160; x_wconf 82' lang='lat' dir='ltr'><strong>liartae.</strong></span> 
     </span>
    </p>
   </div>
   <div class='ocr_carea' id='block_1_7' title="bbox 326 3213 1340 3420">
    <p class='ocr_par' dir='ltr' id='par_1_10' title="bbox 326 3213 1340 3420">
     <span class='ocr_line' id='line_1_23' title="bbox 372 3213 1340 3293; baseline 0.006 -15"><span class='ocrx_word' id='word_1_152' title='bbox 372 3217 449 3279; x_wconf 68' lang='lat'><strong>834:</strong></span> <span class='ocrx_word' id='word_1_153' title='bbox 490 3213 554 3279; x_wconf 83' lang='lat' dir='ltr'><strong>Alii</strong></span> <span class='ocrx_word' id='word_1_154' title='bbox 578 3214 708 3280; x_wconf 87' lang='lat' dir='ltr'><strong>editores</strong></span> <span class='ocrx_word' id='word_1_155' title='bbox 732 3213 804 3278; x_wconf 87' lang='lat' dir='ltr'><strong>haec</strong></span> <span class='ocrx_word' id='word_1_156' title='bbox 826 3214 999 3280; x_wconf 83' lang='lat' dir='ltr'><strong>tribuerunt</strong></span> <span class='ocrx_word' id='word_1_157' title='bbox 1023 3216 1166 3293; x_wconf 88' lang='lat' dir='ltr'><strong>Orestae,</strong></span> <span class='ocrx_word' id='word_1_158' title='bbox 1186 3215 1237 3281; x_wconf 91' lang='lat' dir='ltr'><strong>alii</strong></span> <span class='ocrx_word' id='word_1_159' title='bbox 1253 3223 1340 3284; x_wconf 87' lang='lat' dir='ltr'><strong>recte</strong></span> 
     </span>
     <span class='ocr_line' id='line_1_24' title="bbox 326 3333 1340 3420; baseline 0.003 -21"><span class='ocrx_word' id='word_1_160' title='bbox 326 3335 518 3412; x_wconf 80' lang='lat' dir='ltr'><strong>existimant,</strong></span> <span class='ocrx_word' id='word_1_161' title='bbox 542 3334 718 3398; x_wconf 86' lang='lat' dir='ltr'><strong>continuari</strong></span> <span class='ocrx_word' id='word_1_162' title='bbox 737 3334 903 3414; x_wconf 81' lang='lat' dir='ltr'><strong>orationem</strong></span> <span class='ocrx_word' id='word_1_163' title='bbox 927 3333 1073 3400; x_wconf 82' lang='lat' dir='ltr'><strong>Electrae.</strong></span> <span class='ocrx_word' id='word_1_164' title='bbox 1111 3335 1221 3420; x_wconf 84' lang='lat' dir='ltr'><strong>Itaque</strong></span> <span class='ocrx_word' id='word_1_165' title='bbox 1241 3337 1340 3402; x_wconf 85' lang='lat' dir='ltr'><strong>etiam</strong></span> 
     </span>
    </p>
   </div>
   <div class='ocr_carea' id='block_1_8' title="bbox 327 3452 1469 3540">
    <p class='ocr_par' dir='ltr' id='par_1_11' title="bbox 327 3452 1469 3540">
     <span class='ocr_line' id='line_1_25' title="bbox 327 3452 1469 3540; baseline 0.004 -22"><span class='ocrx_word' id='word_1_166' title='bbox 327 3452 504 3530; x_wconf 85' lang='lat' dir='ltr'><strong>scholiasta,</strong></span> <span class='ocrx_word' id='word_1_167' title='bbox 526 3454 579 3538; x_wconf 91' lang='lat' dir='ltr'><strong>qui</strong></span> <span class='ocrx_word' id='word_1_168' title='bbox 599 3454 638 3518; x_wconf 86' lang='lat' dir='ltr'><strong>ud</strong></span> <span class='ocrx_word' id='word_1_169' title='bbox 658 3456 729 3518; x_wconf 86' lang='grc'><strong>836·</strong></span> <span class='ocrx_word' id='word_1_170' title='bbox 741 3461 825 3518; x_wconf 85' lang='lat' dir='ltr'><strong>recte</strong></span> <span class='ocrx_word' id='word_1_171' title='bbox 843 3459 983 3519; x_wconf 88' lang='lat' dir='ltr'><strong>annotat:</strong></span> <span class='ocrx_word' id='word_1_172' title='bbox 1003 3453 1098 3529; x_wconf 80' lang='grc' dir='ltr'><strong><em>ἱκέτην</em></strong></span> <span class='ocrx_word' id='word_1_173' title='bbox 1117 3455 1171 3532; x_wconf 79' lang='grc' dir='ltr'><strong>μὲν</strong></span> <span class='ocrx_word' id='word_1_174' title='bbox 1190 3454 1259 3533; x_wconf 80' lang='grc' dir='ltr'><strong>ἐμὲ,</strong></span> <span class='ocrx_word' id='word_1_175' title='bbox 1276 3463 1340 3540; x_wconf 42' lang='grc' dir='ltr'><strong><em>φιν,-</em></strong></span> <span class='ocrx_word' id='word_1_176' title='bbox 1468 3515 1469 3530; x_wconf 18' lang='grc' dir='ltr'>ἢ</span> 
     </span>
    </p>
   </div>
   <div class='ocr_carea' id='block_1_9' title="bbox 327 3570 1216 3654">
    <p class='ocr_par' dir='ltr' id='par_1_12' title="bbox 327 3570 1216 3654">
     <span class='ocr_line' id='line_1_26' title="bbox 327 3570 1216 3654; baseline 0.001 -17"><span class='ocrx_word' id='word_1_177' title='bbox 327 3570 408 3650; x_wconf 60' lang='lat' dir='ltr'><strong>palea</strong></span> <span class='ocrx_word' id='word_1_178' title='bbox 430 3573 460 3637; x_wconf 77' lang='grc' dir='ltr'><strong>δὲ</strong></span> <span class='ocrx_word' id='word_1_179' title='bbox 482 3571 629 3654; x_wconf 76' lang='grc' dir='ltr'><strong><em>Ὀρέστην.</em></strong></span> <span class='ocrx_word' id='word_1_180' title='bbox 674 3574 714 3636; x_wconf 91' lang='lat' dir='ltr'><strong>Iu</strong></span> <span class='ocrx_word' id='word_1_181' title='bbox 737 3573 824 3638; x_wconf 89' lang='lat' dir='ltr'><strong>libris</strong></span> <span class='ocrx_word' id='word_1_182' title='bbox 847 3578 893 3637; x_wconf 84' lang='lat' dir='ltr'><strong>est</strong></span> <span class='ocrx_word' id='word_1_183' title='bbox 916 3581 976 3646; x_wconf 76' lang='grc' dir='ltr'><strong>σνῖς</strong></span> <span class='ocrx_word' id='word_1_184' title='bbox 998 3573 1216 3652; x_wconf 78' lang='grc' dir='ltr'><strong><em>ἑσισυμβιδίιις.</em></strong></span> 
     </span>
    </p>
   </div>
   <div class='ocr_carea' id='block_1_10' title="bbox 373 3687 1339 3781">
    <p class='ocr_par' dir='ltr' id='par_1_13' title="bbox 373 3687 1339 3781">
     <span class='ocr_line' id='line_1_27' title="bbox 373 3687 1339 3781; baseline 0.003 -25"><span class='ocrx_word' id='word_1_185' title='bbox 373 3695 445 3757; x_wconf 85' lang='grc'><strong>389.</strong></span> <span class='ocrx_word' id='word_1_186' title='bbox 490 3692 652 3773; x_wconf 68' lang='grc' dir='ltr'><strong><em>ἀτρίακτος.</em></strong></span> <span class='ocrx_word' id='word_1_187' title='bbox 687 3691 855 3757; x_wconf 85' lang='lat' dir='ltr'><strong>Ahrensiua</strong></span> <span class='ocrx_word' id='word_1_188' title='bbox 879 3694 986 3758; x_wconf 85' lang='lat' dir='ltr'><strong>vertit:</strong></span> <span class='ocrx_word' id='word_1_189' title='bbox 1006 3687 1235 3778; x_wconf 74' lang='lat' dir='ltr'><strong>insuperabilid:</strong></span> <span class='ocrx_word' id='word_1_190' title='bbox 1258 3695 1339 3781; x_wconf 46' lang='lat' dir='ltr'><strong>my*</strong></span> 
     </span>
    </p>
   </div>
   <div class='ocr_carea' id='block_1_11' title="bbox 327 3810 1468 3898">
    <p class='ocr_par' dir='ltr' id='par_1_14' title="bbox 327 3810 1468 3898">
     <span class='ocr_line' id='line_1_28' title="bbox 327 3810 1468 3898; baseline 0.004 -23"><span class='ocrx_word' id='word_1_191' title='bbox 327 3811 495 3898; x_wconf 86' lang='lat' dir='ltr'><strong>mologious</strong></span> <span class='ocrx_word' id='word_1_192' title='bbox 526 3813 558 3874; x_wconf 89' lang='lat' dir='ltr'><strong>in</strong></span> <span class='ocrx_word' id='word_1_193' title='bbox 589 3811 680 3876; x_wconf 80' lang='lat' dir='ltr'><strong>uerbo</strong></span> <span class='ocrx_word' id='word_1_194' title='bbox 702 3810 847 3892; x_wconf 73' lang='grc' dir='ltr'><strong><em>τινάσσειν</em></strong></span> <span class='ocrx_word' id='word_1_195' title='bbox 870 3811 1002 3898; x_wconf 85' lang='lat' dir='ltr'><strong>explicat</strong></span> <span class='ocrx_word' id='word_1_196' title='bbox 1024 3813 1184 3888; x_wconf 73' lang='grc' dir='ltr'><strong><em>ιἰήστησσςε</em></strong></span> <span class='ocrx_word' id='word_1_197' title='bbox 1208 3813 1234 3876; x_wconf 88' lang='lat' dir='ltr'><strong>si</strong></span> <span class='ocrx_word' id='word_1_198' title='bbox 1259 3817 1338 3879; x_wconf 57' lang='lat' dir='ltr'><strong>scri*</strong></span> <span class='ocrx_word' id='word_1_199' title='bbox 1467 3845 1468 3862; x_wconf 55' lang='grc' dir='ltr'><strong><em>ι</em></strong></span> 
     </span>
    </p>
   </div>
   <div class='ocr_carea' id='block_1_12' title="bbox 326 3930 1338 4257">
    <p class='ocr_par' dir='ltr' id='par_1_15' title="bbox 326 3930 1338 4257">
     <span class='ocr_line' id='line_1_29' title="bbox 326 3930 1338 4018; baseline 0.004 -22"><span class='ocrx_word' id='word_1_200' title='bbox 326 3930 379 3996; x_wconf 89' lang='lat' dir='ltr'><strong>bas</strong></span> <span class='ocrx_word' id='word_1_201' title='bbox 413 3931 661 4017; x_wconf 87' lang='lat' dir='ltr'><strong>insuperabilem,</strong></span> <span class='ocrx_word' id='word_1_202' title='bbox 695 3930 849 4017; x_wconf 86' lang='lat' dir='ltr'><strong>intelliges</strong></span> <span class='ocrx_word' id='word_1_203' title='bbox 883 3954 943 3996; x_wconf 93' lang='lat' dir='ltr'><strong>non</strong></span> <span class='ocrx_word' id='word_1_204' title='bbox 980 3932 1199 4018; x_wconf 79' lang='lat' dir='ltr'><strong>perferendam,</strong></span> <span class='ocrx_word' id='word_1_205' title='bbox 1230 3955 1338 4000; x_wconf 84' lang='lat' dir='ltr'><strong>verum</strong></span> 
     </span>
     <span class='ocr_line' id='line_1_30' title="bbox 326 4050 1336 4138; baseline 0.003 -23"><span class='ocrx_word' id='word_1_206' title='bbox 326 4050 470 4126; x_wconf 73' lang='grc' dir='ltr'><strong><em>σὶνὶσσνιτσς</em></strong></span> <span class='ocrx_word' id='word_1_207' title='bbox 501 4056 563 4124; x_wconf 89' lang='lat' dir='ltr'><strong>cst,</strong></span> <span class='ocrx_word' id='word_1_208' title='bbox 595 4068 680 4134; x_wconf 85' lang='lat' dir='ltr'><strong>quae</strong></span> <span class='ocrx_word' id='word_1_209' title='bbox 700 4050 912 4138; x_wconf 82' lang='lat' dir='ltr'><strong>magnitudine</strong></span> <span class='ocrx_word' id='word_1_210' title='bbox 943 4051 1026 4115; x_wconf 87' lang='lat' dir='ltr'><strong>vinci</strong></span> <span class='ocrx_word' id='word_1_211' title='bbox 1056 4073 1118 4116; x_wconf 88' lang='lat' dir='ltr'><strong>non</strong></span> <span class='ocrx_word' id='word_1_212' title='bbox 1144 4053 1248 4138; x_wconf 88' lang='lat' dir='ltr'><strong>possit.</strong></span> <span class='ocrx_word' id='word_1_213' title='bbox 1283 4056 1336 4118; x_wconf 87' lang='lat' dir='ltr'><strong>An</strong></span> 
     </span>
     <span class='ocr_line' id='line_1_31' title="bbox 327 4169 1336 4257; baseline 0.004 -23"><span class='ocrx_word' id='word_1_214' title='bbox 327 4174 373 4234; x_wconf 86' lang='lat' dir='ltr'><strong>eat</strong></span> <span class='ocrx_word' id='word_1_215' title='bbox 400 4169 462 4233; x_wconf 89' lang='lat' dir='ltr'><strong>nlla</strong></span> <span class='ocrx_word' id='word_1_216' title='bbox 485 4169 580 4254; x_wconf 88' lang='lat' dir='ltr'><strong>major</strong></span> <span class='ocrx_word' id='word_1_217' title='bbox 603 4169 757 4234; x_wconf 85' lang='lat' dir='ltr'><strong>calamitas</strong></span> <span class='ocrx_word' id='word_1_218' title='bbox 781 4191 870 4254; x_wconf 89' lang='lat' dir='ltr'><strong>quam</strong></span> <span class='ocrx_word' id='word_1_219' title='bbox 893 4169 979 4246; x_wconf 86' lang='lat' dir='ltr'><strong>haec,</strong></span> <span class='ocrx_word' id='word_1_220' title='bbox 1006 4177 1116 4257; x_wconf 87' lang='lat' dir='ltr'><strong>patrem</strong></span> <span class='ocrx_word' id='word_1_221' title='bbox 1141 4173 1247 4236; x_wconf 90' lang='lat' dir='ltr'><strong>misere</strong></span> <span class='ocrx_word' id='word_1_222' title='bbox 1269 4195 1336 4238; x_wconf 87' lang='lat' dir='ltr'><strong>esse</strong></span> 
     </span>
    </p>
   </div>
   <div class='ocr_carea' id='block_1_13' title="bbox 325 4289 1466 4378">
    <p class='ocr_par' dir='ltr' id='par_1_16' title="bbox 325 4289 1466 4378">
     <span class='ocr_line' id='line_1_32' title="bbox 325 4289 1466 4378; baseline 0.005 -25"><span class='ocrx_word' id='word_1_223' title='bbox 325 4289 534 4368; x_wconf 88' lang='lat' dir='ltr'><strong>interfectum,</strong></span> <span class='ocrx_word' id='word_1_224' title='bbox 561 4289 598 4354; x_wconf 89' lang='lat' dir='ltr'><strong>ad</strong></span> <span class='ocrx_word' id='word_1_225' title='bbox 624 4290 776 4354; x_wconf 84' lang='lat' dir='ltr'><strong>tumulum</strong></span> <span class='ocrx_word' id='word_1_226' title='bbox 801 4310 869 4355; x_wconf 90' lang='lat' dir='ltr'><strong>vero</strong></span> <span class='ocrx_word' id='word_1_227' title='bbox 893 4291 957 4375; x_wconf 82' lang='lat' dir='ltr'><strong>ejus</strong></span> <span class='ocrx_word' id='word_1_228' title='bbox 982 4293 1083 4358; x_wconf 87' lang='lat' dir='ltr'><strong>venire</strong></span> <span class='ocrx_word' id='word_1_229' title='bbox 1105 4291 1232 4370; x_wconf 83' lang='lat' dir='ltr'><strong>liberos,</strong></span> <span class='ocrx_word' id='word_1_230' title='bbox 1257 4315 1334 4378; x_wconf 88' lang='lat' dir='ltr'><strong>quo·</strong></span> <span class='ocrx_word' id='word_1_231' title='bbox 1465 4321 1466 4364; x_wconf 85' lang='grc' dir='ltr'><strong><em>ι</em></strong></span> 
     </span>
    </p>
   </div>
   <div class='ocr_carea' id='block_1_14' title="bbox 0 0 1490 4974">
    <p class='ocr_par' dir='ltr' id='par_1_17' title="bbox 0 0 1490 4974">
     <span class='ocr_line' id='line_1_33' title="bbox 0 0 1490 4974; baseline 0 0"><span class='ocrx_word' id='word_1_232' title='bbox 0 0 1490 4974; x_wconf 95' lang='lat' dir='ltr'><strong> </strong></span> 
     </span>
    </p>
   </div>
  </div>
 </body>
</html>
