2956 4974
569 501 781 557 ΧΟΗΦΟΡΟΙ.

293 699 310 774 ἢ
332 695 479 775 ξυγγενὴς
501 694 555 770 ῶν,
580 691 646 778 εἶχε
668 694 840 773 συμπενθεῖν
864 692 943 772 ἐμοὶ,

291 829 427 910 ῶγαλμα
447 830 565 908 τύμβου
587 829 669 895 τοῦδε
691 827 740 894 καί
762 829 850 906 τιμίρν
873 827 991 910 πατρίς.

291 967 362 1030 ἄλλ’
384 963 496 1035 εῖδύτας
519 963 572 1042 μέν
595 962 661 1035 τοὺς
684 961 761 1035 ύεοὺς
784 961 969 1040 καλούμεύα,

292 1095 383 1164 οίοισιν
404 1099 433 1162 ἐν
455 1102 597 1179 χειμῶσι,
620 1095 760 1162 ναυτίλων
781 1094 876 1171 δίκην,

292 1228 495 1314 στροβούμεθ’·
518 1231 542 1296 εί
565 1230 594 1296 δὲ
616 1232 675 1312 χρὴ
697 1237 801 1310 τυχεῖν
822 1227 979 1310 σωτηρίοις,

293 1369 411 1445 σμικροῦ
433 1364 538 1442 γένοιτ’
559 1361 597 1428 διν
618 1361 785 1444 σπέρματος
807 1363 907 1440 μέγας
929 1361 1052 1439 πυθμήν.

293 1495 342 1562 καί
364 1498 423 1573 μην
445 1495 540 1574 στίβοι
564 1519 618 1574 γε,
642 1495 768 1577 δεύτερον
791 1496 957 1575 τεκμήριον,
1125 1497 1188 1556 205

293 1630 383 1696 ποδῶν
404 1629 507 1708 ἐμοῖοι,
529 1637 589 1701 τοῖς
611 1632 639 1694 τ’
664 1630 772 1707 ἐμοῖσιν
795 1631 940 1712 ἐμφερεῖς.

293 1762 341 1829 καί
366 1763 425 1844 γὰρ
448 1761 490 1828 δύ’
513 1761 594 1828 ἐστὸν
616 1763 687 1828 τῶδε
709 1763 882 1846 περιγραφὰ
904 1762 1013 1839 ποδοῖν,

293 2029 426 2112 πτέρναι,
448 2027 583 2094 τενόντων
605 2028 628 2092 ύ’
651 2027 824 2112 ὑπογραφαὶ
847 2027 1037 2110 μετρούμενον

294 2165 333 2237 είς
354 2163 447 2229 ταύτδ
469 2163 662 2242 συμβαίνουσι
683 2171 742 2236 τοῖς
765 2164 844 2241 ἐμοῖς
863 2163 982 2242 στίβοις.
1125 2166 1188 2226 210

296 2295 418 2380 ποίρεστι
441 2296 466 2360 δ’
487 2295 551 2370 ύδίς
573 2297 623 2361 καί
645 2301 754 2379 φρενῶν
775 2297 956 2381 καταφύοροί.

179 2442 243 2498 ΟΡ.
295 2430 385 2513 εὔχου
407 2430 449 2497 τῶ
470 2431 576 2509 λοιποί,
597 2437 658 2504 τοῖς
680 2431 750 2504 θεοῖς
772 2430 964 2513 τελεσφόρους

293 2563 389 2643 εύχῖις
412 2563 664 2641 ἐπαγγέλλουσα,
686 2562 851 2645 τυγχσίνειν
872 2567 978 2634 καλῶς.

178 2707 246 2762 ΗΑ.
291 2694 352 2760 ἐπεί
376 2693 406 2759 τί
427 2699 475 2759 νῶν
496 2693 579 2759 ἐκατι
602 2693 741 2774 δαιμύνυν
763 2700 851 2778 κυρῶ;

177 2839 240 2894 ΟΡ.
289 2827 329 2900 είς
351 2825 416 2908 ύφιν
438 2824 513 2902 η’κεις
535 2823 624 2908 ῶνπερ
647 2827 772 2910 ἐξηύχου
796 2827 903 2894 πύλαι.
1123 2831 1187 2891 215

178 2973 247 3028 ΗΛ.
293 2960 343 3025 καί
366 2959 433 3026 τίνα
454 2959 586 3027 σύνοισύοί
608 2985 656 3039 μοι
679 2962 844 3044 καλουμένη
865 2961 990 3043 βροτῶν;

178 3105 240 3160 ΟΡ.
290 3091 391 3171 ξύνοιδ’
413 3093 551 3176 Ὀρέστην
573 3094 673 3160 πολλοί
695 3093 722 3159 σ’
744 3095 993 3172 ἐκπαγλουμένην.

178 3238 245 3293 ΗΛ.
291 3225 341 3292 καί
364 3225 433 3308 πρὸς
456 3226 486 3292 τί
508 3226 582 3302 δῆτα
604 3227 749 3309 τυγχοίνω
773 3226 1009 3308 κατευγμιίτυν;

179 3369 241 3424 ΟΡ.
292 3354 334 3424 δ’δ’
355 3357 433 3437 εἰμί’
465 3359 507 3438 μη
529 3358 637 3438 μοίτεύ
658 3362 729 3438 ἐμοῦ
753 3361 871 3438 μῶλλον
892 3361 987 3444 φίλον.

180 3501 245 3558 ΗΑ.
290 3490 362 3558 ἀλλ’
386 3491 403 3570 ἢ
425 3491 504 3558 δύλυν
525 3490 586 3570 τιν’,
608 3489 630 3558 ῶ
651 3491 718 3571 ξέν’,
741 3495 827 3578 σῖμφί
847 3519 896 3575 μοι
919 3495 1052 3573 πλέκεις;
1122 3505 1151 3528 “

180 3637 239 3692 ΟΡ.
291 3625 380 3698 αύτδς
403 3625 467 3690 καθ’
489 3628 577 3692 αὑτοῦ
600 3629 632 3705 γ’
654 3622 713 3709 ῶρα
734 3631 962 3711 μηχανοῤῥαφῶ.

182 3769 246 3826 ΗΛ.
291 3763 363 3826 ἀλλ’
386 3763 415 3825 ἐν
438 3769 549 3826 κακοῖσι
571 3767 631 3833 τοῖς
655 3763 734 3840 ἐμοῖς
759 3767 854 3844 γελρῖν
876 3760 982 3838 ύέλεις,

181 3877 239 3959 ΟΡ.
292 3893 347 3958 κσίν
368 3901 428 3968 τοῖς
450 3895 529 3972 ἐμοῖς
553 3891 608 3976 ἄρ’,
633 3891 711 3973 είπερ
735 3893 764 3959 ἔν
789 3918 828 3973 γε
850 3900 923 3959 τοῖσι
946 3899 1014 3966 σοῖς.

183 4035 248 4092 ΗΛ.
293 4025 331 4099 ῶς
353 4025 409 4092 ἐντ’
431 4025 571 4108 Ὀρέστην
592 4026 663 4094 τῶδε
686 4028 713 4094 τ’
736 4029 794 4104 ἐγὼ
817 4027 1014 4108 προσεννέπιι;

184 4169 241 4224 ΟΡ.
293 4158 381 4224 αὐτὸν
403 4159 457 4238 μὲν
480 4165 528 4225 νῶν
550 4161 641 4240 ύρῶσα
664 4161 818 4242 δυσμαύεῖς
841 4162 904 4240 ε’μέ.
1123 4165 1185 4226 225

290 4292 394 4375 κουρῖιν
416 4293 441 4360 δ’
464 4293 563 4360 ίδοῶσα
584 4294 668 4372 τήνδε
690 4295 799 4371 κηδείου
820 4295 921 4378 τριχδς
