2972 4974
586 397 785 444 nuscanum.
1132 379 1195 442 119

192 581 297 666 ῥᾳδίως,
322 587 352 646 et
382 580 585 667 Etymologus
613 578 663 662 ῥοού
690 577 825 657 οημοιίνει
848 579 881 645 τὸ
903 578 1039 661 εὐχερές·
1063 579 1077 643 o‘
1099 577 1198 655 τύνος,

191 699 233 766 ὅτι
256 697 285 778 ἦν
304 700 364 766 aab
383 706 434 767 τοῦ
454 699 520 782 ῥέοι,
543 699 651 783 ὤφειλε
673 700 878 780 περισπᾶσθαι.

235 823 303 884 418.
347 819 379 886 τί
410 817 434 884 δ’
464 818 534 885 cluat
559 817 673 902 Φούντες
695 817 839 900 τύχοιμεν
861 814 906 882 ἄν.
953 817 1040 882 Libri
1063 817 1095 884 τι’
1115 815 1139 884 δ’
1162 817 1200 884 du

191 936 297 1011 πάντες
328 938 472 1022 τύχοιμεν
506 934 551 1002 ἄν.
597 937 729 1022 Antiqui
760 936 892 1002 editores
915 936 947 1001 τι’
966 935 991 1002 δ’
1013 936 1050 1002 ἂν
1072 935 1200 1011 εἰπόντες

190 1055 326 1136 τύχοιμεν
348 1055 400 1121 ἄιε
421 1055 602 1121 recentiores
622 1055 752 1119 editores
771 1053 802 1120 τί
820 1051 844 1118 δ’
862 1053 900 1120 ἂν
914 1051 1027 1138 Φύντες
1043 1053 1200 1136 τύχοιμεν,

192 1174 287 1240 deleto
314 1174 408 1240 altero
438 1171 475 1239 clv
504 1178 576 1262 post
605 1172 756 1254 τύχοιμεν.
802 1173 874 1238 Ηοο
905 1195 976 1239 vero
1007 1173 1198 1241 retinendum

192 1293 281 1370 duco,
299 1293 410 1359 collato
432 1315 472 1360 vs.
493 1296 567 1372 317,
582 1297 613 1357 et
629 1296 735 1380 Agam.
755 1295 839 1356 1232
851 1291 883 1357 τί
894 1316 934 1358 νιν
945 1297 1080 1357 asnebec
1093 1329 1136 1342 -
1147 1293 1201 1358 τύ-

190 1410 271 1492 χοιμ’
292 1408 344 1489 ἄν,
366 1411 419 1476 sed
442 1411 529 1499 prius
552 1409 589 1476 ύιν
613 1410 795 1476 mutandum
815 1411 929 1497 putavi.
964 1408 1152 1478 Scholiasta:
1171 1411 1203 1480 τύ

192 1528 273 1594 δεινὸν
305 1529 432 1604 εἰτύντες
466 1531 548 1595 κοιτοὶ
584 1529 856 1610 Κλυταιμνήστρας
895 1527 1037 1610 τύχοιμεν
1070 1536 1124 1605 τῆς
1149 1539 1202 1606 τῆς

191 1647 386 1729 τυμμιιχύοις,
410 1644 431 1712 d
455 1646 566 1730 τύτερ;
590 1647 607 1724 ἤ
629 1644 650 1712 ἃ
673 1645 875 1726 cantaturam,
900 1647 1077 1727 Cernimus,
1092 1649 1126 1714 iu
1143 1647 1201 1715 hoc

193 1765 304 1832 scholio
326 1767 461 1854 antiquis
484 1767 654 1834 editoribus
679 1767 828 1832 rationem
851 1767 1039 1845 constitisse,
1062 1789 1117 1833 cur
1131 1768 1201 1834 ede-

193 1891 260 1952 rent
289 1887 425 1960 εΞοιύντες.
471 1887 530 1952 Sed
566 1888 599 1952 in
627 1887 730 1952 eodem
762 1884 878 1950 scholio
909 1908 999 1952 causa
1029 1885 1106 1952 mihi
1136 1910 1201 1954 esse

195 2004 257 2070 risa
284 2010 345 2086 est,
377 2028 431 2072 our
465 2006 550 2093 prius
581 2004 635 2085 ἂν,
662 2006 745 2090 quod
772 2008 874 2070 tamen
900 2005 953 2070 vix
975 2006 1046 2071 ferri
1067 2010 1201 2092 poterat,

194 2123 370 2208 ejiciendum
391 2129 543 2212 putarem,
566 2130 597 2190 et
620 2145 675 2211 pro
699 2121 723 2188 δ’
746 2121 783 2188 ἂν
806 2122 967 2188 scriberem
990 2121 1014 2188 δ’
1037 2123 1113 2190 clud.
1136 2125 1201 2188 Vo-

69 2306 70 2312 ,
197 2241 332 2308 cabulum
363 2243 474 2316 τύντες
505 2244 576 2309 ferri
607 2265 669 2308 non
693 2265 808 2330 posse„
822 2246 931 2329 sponte
953 2247 1084 2330 apparet.
1119 2244 1201 2330 Ergo

195 2361 382 2428 scribendum
407 2363 513 2448 putavi

410 2481 441 2546 τύ
462 2478 486 2544 δ’
509 2480 577 2546 arva
600 2478 713 2562 Φούντες
736 2478 880 2561 τύχοιμεν
900 2478 945 2544 ἄν.

195 2595 323 2668 Quorum
352 2598 475 2686 singula
502 2599 687 2686 respondent
709 2597 907 2685 explicationi
931 2597 1119 2666 scholiastae.
1154 2600 1202 2666 Ex

195 2717 259 2782 ούνοὶ
280 2718 368 2784 facile
398 2717 470 2784 oriri
500 2717 602 2804 potuit
627 2714 680 2795 ἂν,
708 2739 803 2802 quum
826 2741 848 2782 οι
870 2739 957 2804 saepe
979 2718 1025 2782 sic
1048 2717 1203 2784 scribatur

196 2839 324 2922 apposita
358 2837 488 2913 lineola,
520 2841 557 2901 ut
586 2836 639 2902 vix
670 2834 707 2901 ab
738 2859 768 2901 οιι
800 2837 951 2923 distingui
983 2837 1094 2924 possit;
1119 2838 1202 2923 quod

196 2957 323 3022 ostendit
341 2957 467 3021 Bestius
488 2955 522 3020 in
539 2955 805 3020 Commentatione
816 2954 1071 3042 Palaeographica
1082 2980 1110 3044 p.
1123 2959 1203 3022 705:

198 3074 278 3158 cujus
308 3074 351 3140 rei
382 3075 553 3162 exemplum
584 3078 631 3140 est
661 3075 693 3138 in
722 3075 788 3161 ipso
811 3074 928 3140 codicis
951 3074 1084 3140 Medicei
1107 3073 1205 3161 speci-

197 3191 287 3269 mine,
308 3217 352 3260 us.
377 3196 450 3271 397,
479 3192 531 3258 ubi
556 3193 651 3258 τιστύο
676 3193 720 3258 ita
743 3193 890 3279 scriptum
915 3196 973 3270 est,
997 3198 1032 3258 ut
1055 3197 1205 3278 postrema

198 3307 278 3378 litera
299 3313 438 3379 additum
462 3312 521 3378 sibi
536 3312 603 3398 jota
619 3311 728 3378 habere
747 3335 835 3400 posse
854 3313 1001 3380 videatur.
1030 3312 1087 3378 Est
1102 3318 1203 3380 autem

199 3429 261 3495 clad
281 3431 415 3498 adverbii
439 3433 553 3509 instar,
577 3435 612 3496 ut
635 3429 716 3520 apud
739 3430 919 3509 Homerum,
944 3431 982 3496 Il.
1004 3433 1033 3496 A
1053 3433 1119 3498 414
1136 3433 1205 3499 οιίνύι

199 3555 322 3617 τεκοῦσιν.
368 3550 415 3616 cf.
437 3552 543 3638 Agam.
569 3554 647 3630 121,
667 3553 730 3616 139
753 3555 784 3616 et
804 3554 866 3615 159
887 3547 993 3616 ούιιινον
1012 3549 1118 3618 ούλινον
1129 3547 1203 3618 εἶτε.

199 3664 309 3738 Quodsi
333 3670 420 3736 malis
444 3671 577 3758 pressius
597 3669 688 3735 verba
706 3670 888 3735 scholiastae
906 3671 1010 3756 sequi,
1028 3691 1083 3757 pro
1098 3667 1122 3735 δ’
1137 3671 1206 3738 alud

199 3787 303 3868 φύντες
333 3790 539 3878 reponendum
569 3791 628 3855 erit
651 3787 716 3855 δείν’
739 3788 884 3862 etardum:
908 3788 993 3854 velut
1015 3788 1094 3876 apud
1117 3791 1205 3856 Aris-

200 3907 364 3993 tophanem,
389 3909 472 3976 Nub.
486 3913 549 3974 389
574 3908 652 3974 darual
670 3908 823 3990 κέκραγεν.
855 3907 915 3973 Sed
935 3931 1021 3996 saepe
1040 3906 1205 3974 scholiasta

202 4025 281 4092 verba
313 4030 429 4103 mutat,
463 4029 644 4092 sententiam
677 4027 828 4114 exprimit.
874 4029 976 4112 Atque
1005 4029 1041 4092 in
1074 4026 1204 4100 εἰτύντες

201 4147 287 4236 magis
319 4171 338 4214 a
366 4148 518 4238 scriptura
547 4146 658 4226 πάντες
688 4147 867 4218 recesseris:
905 4147 981 4224 δεινὰ
1011 4147 1134 4236 quidem
1164 4169 1203 4220 ea
