2972 4974
312 511 373 574 159
712 527 910 573 1111011110.

310 713 371 788 cst,
402 707 595 774 Robcrtellns
618 730 685 773 enm
711 709 866 774 ministrae
890 707 1016 788 tribuit,
1039 731 1223 798 praeponens
1247 709 1316 788 6ερ.,

312 833 392 894 certe
426 827 565 894 feminam
601 827 694 892 luisse
728 827 883 893 intellexit
918 851 933 893 e
965 850 1007 893 vs.
1039 833 1102 894 695
1136 829 1190 901 τὴν
1220 850 1318 892 πανα·

311 946 407 1012 talos:
442 945 577 1010 lllectrae
600 945 777 1025 Turnebus,
802 947 913 1012 Portus
936 946 1209 1033 Clytaemestrae,
1232 943 1318 1010 Wel-

312 1067 431 1132 lauerus
473 1066 524 1130 uni
564 1087 580 1130 e
617 1063 718 1129 Oboro
751 1065 946 1131 tribuendum
981 1070 1077 1152 putat.
1130 1063 1213 1130 Mihi
1247 1087 1318 1129 vero

311 1184 441 1250 multum
473 1182 621 1270 cogitanti
653 1185 815 1250 convenire
844 1182 917 1250 hacc
946 1185 1045 1250 oratio
1075 1185 1196 1250 ridetur
1227 1184 1317 1249 unice

312 1301 567 1388 Clytaemnestrae
600 1301 718 1380 animo,
754 1302 876 1380 audaci,
911 1303 1056 1380 subdolo,
1089 1301 1255 1388 cujuslibet
1275 1301 1318 1366 rei

311 1419 479 1486 simulatori
502 1441 536 1485 ac
559 1419 793 1486 dissimulatori:
812 1442 889 1505 quae
908 1421 1120 1486 immoderatae
1139 1420 1240 1508 specie
1258 1418 1319 1485 lae-

310 1538 396 1604 titiae
431 1541 461 1603 et
492 1539 600 1602 amoris
632 1561 682 1626 per
711 1543 807 1603 strata
839 1560 988 1626 purpurea
1011 1539 1151 1604 maritum
1176 1537 1320 1625 perduxit

311 1655 347 1722 ad
378 1678 480 1722 necem
512 1678 603 1722 manu
627 1657 760 1722 nefaria:
783 1680 844 1742 qua
866 1662 986 1745 peracta
1010 1657 1141 1744 gloriata
1163 1662 1194 1721 et
1216 1657 1320 1744 gavisa

312 1781 358 1842 est
381 1776 538 1863 sauguinis
562 1777 747 1863 respersione
772 1776 857 1841 velut
878 1780 957 1841 terra
980 1776 1099 1863 pluviae
1121 1776 1234 1864 gaudet
1256 1777 1320 1840 loe·

314 1893 478 1960 cnnditate.
524 1893 570 1959 Ol.
594 1899 702 1982 Agam.
728 1897 822 1960 1690.
870 1894 959 1960 Hanc
982 1917 1087 1960 rursus
1106 1896 1202 1982 aperit
1221 1895 1321 1981 impu-

314 2013 446 2079 dentiam
478 2013 524 2078 vel
556 2015 580 2078 si
612 2013 687 2098 qnid
721 2012 816 2099 majus
838 2012 1026 2100 impudentia
1050 2018 1111 2092 est,
1134 2035 1320 2098 conquerens

314 2133 411 2211 diras,
441 2155 516 2217 quas
547 2132 613 2218 ipsa
643 2131 746 2197 domui
773 2130 1319 2218 6116010106τ110110(11006001,οηοά

313 2273 405 2337 quum
437 2251 467 2315 in
500 2255 568 2315 tuto
599 2250 666 2315 loco
692 2256 776 2315 extra
799 2252 923 2337 patriam
949 2273 1013 2315 esse
1037 2251 1204 2330 videretur,
1227 2273 1320 2316 occu·

315 2369 445 2446 buisset,
478 2391 565 2454 quem
601 2369 666 2455 ipra
699 2368 824 2455 ejecerat
854 2368 944 2434 domo
974 2375 1005 2433 et
1027 2369 1140 2456 patria:
1165 2369 1322 2456 deplorans

314 2487 475 2552 amicorum
506 2488 680 2565 interitum,
709 2510 801 2572 quum
832 2510 901 2552 mox
928 2487 1093 2575 gloriatura
1123 2489 1180 2566 sit,
1204 2511 1234 2552 se
1257 2509 1318 2552 non

316 2627 413 2671 carere
436 2607 558 2684 amicis,
584 2611 614 2671 et
638 2628 707 2671 cum
730 2607 913 2671 amicissimo
936 2607 1072 2672 adultero
1095 2607 1222 2694 gaudia,
1243 2628 1322 2693 quae

315 2745 398 2790 nunc
424 2725 566 2789 nimirum
591 2724 628 2790 ad
653 2725 810 2791 tristitiam
834 2725 983 2813 pertinere
1006 2726 1130 2805 clamat,
1153 2725 1323 2791 communi-

317 2847 429 2908 catura.
475 2843 521 2908 cf.
546 2847 618 2908 716.

360 2966 433 3027 col.
478 2960 502 3026 01
525 2962 591 3039 ἐγὼ.
636 2961 688 3026 Sic
719 2962 893 3027 Turnebus:
925 2962 995 3027 libri
1023 2959 1052 3028 ol
1070 2964 1136 3041 ἐγὼ.
1171 2962 1323 3028 (lanterna

316 3086 347 3146 et
370 3081 460 3146 multi
483 3102 550 3146 eunr
574 3081 670 3146 secuti
694 3080 719 3145 cl
742 3079 802 3159 γὼ.

362 3204 435 3264 691.
480 3195 574 3271 εἶπας.
620 3199 658 3263 In
683 3199 717 3263 M
737 3200 994 3275 06616παῖ0311
1014 3202 1043 3264 ἕν
1059 3203 1140 3266 παῖπῖ
1163 3200 1324 3266 Turnebus

318 3317 624 3397 succurreremus
648 3315 763 3397 ἔμπαν,
789 3317 982 3384 Hermannus
1005 3319 1087 3384 delet
1109 3322 1145 3392 ὥς
1168 3323 1197 3384 06
1214 3319 1326 3384 scribit

319 3440 465 3516 ἐκπαθῶς,
492 3436 569 3502 alius
592 3439 739 3521 ἐμφανῶς.
783 3437 873 3510 Quod
906 3438 991 3516 dedi,
1020 3437 1109 3502 habet
1137 3438 1325 3503 Dindorfius.

364 3561 437 3622 696.
482 3555 617 3634 tillitus.
663 3555 750 3620 Libri
773 3556 934 3634 εὐβούλως,
959 3557 1051 3642 idque
1074 3559 1162 3622 etiarn
1184 3559 1326 3643 agnoscit

317 3674 487 3741 scholiasta
533 3675 714 3742 Emendavit
737 3676 899 3741 Porsenna.
976 3686 980 3709 '

364 3799 437 3861 697.
483 3793 611 3876 κομίζων.
658 3796 710 3859 Sic
744 3794 942 3860 ltobortellus
977 3800 1007 3861 et
1035 3796 1208 3871 Turnebus,
1232 3795 1326 3880 idque

318 3914 350 3977 in
376 3912 492 3978 scholio
516 3915 708 4001 agnoscitur:
734 3914 769 3978 M
792 3919 822 3979 et
846 3915 874 3978 G
898 3913 1022 3995 νομίζων.

365 4036 438 4098 698.
483 4038 532 4097 νῦν
553 4029 577 4098 δ’
600 4030 681 4114 ἥπερ.
727 4033 780 4097 Sic
803 4032 979 4098 Turnebus:
1004 4031 1072 4099 libri
1097 4040 1145 4100 νῦν
1167 4033 1261 4115 δήπερ.

364 4157 437 4218 699.
483 4153 639 4233 πραθεῖσαν
672 4152 818 4235 ἔγγραφε.
865 4152 950 4217 Libri
987 4158 1136 4234 παροῦσαν
1166 4151 1323 4234 ἐγγράφει.

318 4271 350 4335 Si
380 4293 412 4338 ea
443 4271 592 4358 scriptura
621 4269 778 4336 retinenda
799 4275 859 4347 est,
880 4271 913 4334 in
937 4277 1085 4350 παροῦσαν
1106 4271 1248 4359 intelligo
1270 4296 1322 4349 os,
