2956 4974
466 437 730 486 rnreernurauro
760 439 892 484 uacuus.
1139 419 1180 482 49

189 621 312 707 equidem
329 643 431 688 servae
448 621 546 688 instar
561 645 643 688 snm:
664 645 701 688 ex
715 620 824 708 opibus
837 643 907 686 vero
919 621 1045 708 fugatus
1058 620 1181 684 Orestes

188 745 241 804 eat:
261 741 305 806 illi
330 742 453 806 veroin
479 740 587 828 opibus
610 746 665 805 tuo
685 741 781 827 partis
802 739 901 804 labore
919 739 1078 804 luxurient
1097 761 1182 826 mag·

187 881 292 946 repere
327 860 373 925 Ut
397 882 467 926 vero
485 861 592 925 'venriet
615 861 737 925 Orestes
769 858 830 924 buc
851 861 974 924 fortuna
998 858 1099 943 alique
1115 877 1182 944 pre·

188 999 233 1044 cor
252 1002 268 1043 a
288 984 327 1044 te.
361 978 404 1044 Et
426 983 462 1043 tu
485 978 674 1057 exaudime,
694 984 795 1064 pater,
814 977 948 1063 mihique
967 978 1025 1064 ipsi
1046 976 1181 1055 tribuas,
1194 988 1257 1050 140

187 1103 218 1162 ut
248 1103 339 1162 matre
373 1096 471 1162 multo
505 1097 562 1162 sim
598 1097 802 1162 continentior
834 1098 988 1184 magisque
1010 1097 1060 1184 pis
1084 1119 1182 1160 mcnu.

188 1215 277 1281 Nobis
304 1216 425 1302 quidem
456 1213 510 1280 has
541 1237 662 1303 preces:
686 1215 866 1280 adversariis
889 1237 959 1280 vero
982 1215 1053 1280 dico
1072 1221 1108 1280 ut
1130 1237 1183 1302 ap

186 1341 278 1420 pareat
305 1335 369 1412 tui,
399 1340 500 1421 pater,
531 1334 658 1410 vindex,
689 1340 783 1420 utque
814 1335 1023 1400 interfectores
1050 1333 1182 1399 invicem

182 1451 243 1536 jure
271 1461 400 1539 pereant.
443 1454 509 1518 Has
540 1454 572 1517 in
600 1453 698 1518 medio
717 1474 797 1540 porro
822 1453 913 1519 males
936 1455 1183 1541 imprecationes,

185 1567 240 1634 iilia
270 1570 371 1636 dicens
402 1569 455 1636 has
485 1571 579 1636 malas
608 1573 847 1658 imprecationes.
882 1571 983 1637 Nobis
1010 1570 1183 1637 verobona

184 1689 265 1754 mitte
293 1713 398 1777 supra,
423 1713 491 1756 cum
516 1691 586 1756 Diis
609 1697 639 1756 et
660 1695 739 1756 terra
762 1696 793 1756 et
815 1691 943 1756 uictrice
958 1691 1088 1776 justitia.
1123 1691 1181 1754 Tc·
1195 1694 1257 1756 150

184 1805 257 1874 libus
277 1807 419 1896 precibus
441 1807 495 1874 has
510 1809 640 1874 infundo
661 1811 792 1875 inferias.
827 1810 892 1874 Vos
912 1831 983 1874 vcro
1000 1807 1182 1875 fletibusees

184 1947 280 1992 ornare
300 1933 440 2016 oportet,
462 1951 573 2015 paeane
596 1930 707 1994 mortui
731 1933 881 1994 canentes.

229 2047 295 2112 Oto.
340 2047 462 2114 Mittite
492 2047 638 2133 lacrymas
665 2069 789 2114 sonoras
811 2048 967 2112 luctuosas
990 2046 1112 2112 domino
1135 2046 1183 2112 lu·

185 2167 279 2230 ctuose
300 2166 436 2253 perdito,
458 2166 491 2230 in
514 2165 624 2232 uallum
647 2165 708 2233 ,hoc
727 2165 815 2232 malis
835 2167 985 2251 carisque,
1004 2187 1081 2251 quoe
1099 2187 1182 2232 aver·

183 2303 305 2350 runcaus
334 2285 468 2372 expiatio
494 2283 693 2350 abominanda
720 2291 782 2364 est,
809 2285 913 2350 effusis
936 2285 1063 2350 inferiis.
1098 2285 1182 2352 Audi

183 2421 238 2480 me,
265 2403 354 2482 audi,
380 2426 399 2469 o
430 2405 595 2469 venerande
628 2405 763 2482 domine,
793 2427 831 2469 ex
859 2403 964 2470 nubila
993 2409 1093 2470 mente
1115 2425 1182 2491 pre-

185 2527 301 2588 cantem.
336 2522 402 2586 Vae
423 2545 478 2588 vae
501 2545 554 2588 voe
575 2545 646 2602 vue3
669 2523 773 2590 veniat
789 2523 901 2610 aliquis
918 2525 965 2588 vir
983 2524 1086 2601 fortis,
1105 2522 1181 2588 libe-
1194 2521 1257 2584 160

184 2645 257 2706 mtor
278 2640 398 2719 domus,
421 2647 451 2706 et
475 2639 620 2726 Scythice
642 2641 781 2708 manibus
804 2648 936 2708 retracta
957 2643 990 2706 in
1013 2663 1103 2728 opere
1120 2641 1182 2706 tela

185 2763 317 2848 torquens
341 2761 443 2840 Mars,
466 2767 496 2827 et
520 2763 659 2828 cominus
680 2762 756 2850 ipsis
780 2764 896 2850 capulis
922 2762 1042 2828 vibrans
1066 2785 1159 2828 enses.

221 2881 270 2945 El.
338 2879 441 2946 Habet
458 2882 537 2966 jam,
559 2901 634 2968 quas
653 2885 733 2948 terre
752 2881 846 2961 bibit,
863 2887 948 2969 peter
964 2881 1095 2948 inferias.
1119 2881 1181 2947 Ve-

183 3017 240 3064 rum
261 3021 356 3066 nouae
378 2997 470 3084 hujus
492 3000 639 3064 orationis
662 3005 758 3064 estote
780 3001 950 3088 participes.

223 3119 288 3182 Udo.
334 3117 449 3182 Dicas:
471 3118 563 3184 saltat
586 3117 660 3184 mihi
684 3123 789 3205 pectus
811 3120 929 3184 timore.

220 3235 269 3300 El.
335 3237 436 3302 Video
458 3235 541 3302 hunc
564 3237 729 3302 abscissum
753 3237 928 3302 cincinnum
953 3237 987 3302 in
1010 3237 1137 3302 tumulo.

223 3355 288 3418 Cho.
333 3354 430 3440 Cujus
452 3355 573 3420 tandem
596 3356 655 3421 uiri
678 3355 725 3421 vel
749 3355 873 3422 decorae
895 3355 1047 3442 uirginis?

221 3471 270 3538 El.
337 3474 378 3540 Id
399 3475 500 3560 quivis
523 3474 612 3540 facile
635 3475 751 3540 indicio
769 3474 909 3559 judicare
929 3477 1039 3561 potest.
1193 3471 1256 3536 170

224 3591 289 3658 Cdo.
334 3592 497 3666 Quomodo
522 3615 593 3680 ergo
616 3594 716 3657 senior
738 3593 896 3678 ajuniore
919 3592 1078 3658 didicero?

222 3707 271 3774 Et.
336 3710 411 3775 Non
434 3717 480 3774 est
502 3715 617 3797 praeter
639 3733 737 3775 meum
756 3711 810 3796 qni
834 3733 900 3775 eum
924 3708 1095 3776 absciderit.

227 3828 290 3893 oto.
335 3828 458 3916 Quippe
478 3829 582 3894 infesti
606 3834 695 3908 sunt,
717 3851 794 3914 quos
818 3830 900 3894 crine
923 3829 1026 3915 lugere
1049 3825 1180 3892 decebat.

221 3943 271 4011 Et.
334 3939 385 4012 Et
401 3969 471 4012 vero
493 3944 545 4011 hic
569 3947 654 4012 valde
678 3952 724 4012 est
746 3946 889 4033 adspectu
914 3947 1032 4011 similis.

225 4065 288 4130 co.
335 4064 457 4138 Quibus
481 4065 639 4163 crinibus?
663 4065 695 4130 id
718 4066 798 4130 euim
821 4065 936 4130 discere
961 4066 1058 4153 cupio.

222 4181 271 4248 El.
337 4183 437 4250 Nobis
460 4186 534 4274 ipsis
558 4205 737 4274 magnopere
759 4183 869 4250 similis
892 4189 939 4250 est
960 4185 1115 4273 adspectu.

1045 4308 1064 4360 4
