2956 4974
352 495 393 554 88
753 509 952 556 euuormro.

354 693 499 768 efficitur,
521 693 606 760 illum
630 693 738 782 legisse
760 717 810 773 σε,
839 715 908 760 nam
934 692 992 760 boc
1016 694 1135 760 addidit
1157 695 1278 760 fortem
1297 713 1339 756 ex-

352 810 486 899 plicandi
510 833 605 877 causa.

401 934 471 996 145.
516 931 739 997 άντνκμτάμνεΐν.
762 929 932 996 Scholiasta
944 954 990 1013 γρ.
998 933 1264 998 άντνννιτμκτνννεῖν.
1275 928 1343 994 Her·

355 1071 482 1113 mennas
508 1051 728 1114 άντνκάκτάνεῖν
751 1049 827 1130 elai,
849 1051 1015 1115 secundum
1039 1051 1234 1138 scaligerum.

401 1170 473 1231 146.
517 1176 619 1242 κακῆς.
652 1167 830 1232 Dindorfius
852 1169 975 1255 scripsit
996 1171 1082 1248 ἐμῆς,
1106 1169 1282 1255 scripturam
1299 1187 1345 1230 κσ-
1449 1179 1450 1210 t

354 1294 406 1361 κῆς
429 1291 596 1372 suspectam
619 1285 732 1352 hebens
755 1294 876 1374 propter
902 1288 1130 1374 repetitionem:
1154 1286 1230 1351 alius
1252 1291 1344 1358 aetla.

358 1403 436 1469 Mihi
460 1428 493 1470 ee
516 1405 654 1492 repetitio
684 1406 862 1492 gravitatem
894 1405 1001 1472 habere
1029 1406 1168 1483 videtur,
1191 1401 1347 1470 attendenti

357 1525 446 1588 etiem
470 1523 635 1603 Electram,
667 1526 796 1611 primum
819 1525 941 1610 quidem
965 1525 1155 1590 dubitantem
1178 1546 1233 1589 nec
1256 1523 1348 1587 stetim
1450 1517 1451 1548 ³

358 1641 394 1705 ad
429 1642 504 1708 male
538 1643 715 1708 adversariis
749 1643 941 1730 imprecanda
975 1649 1125 1731 paratam,
1159 1647 1261 1729 postea
1287 1660 1350 1704 vero

356 1784 444 1847 quem
470 1763 615 1848 suscepit,
644 1762 763 1826 fortiter
794 1767 992 1850 peragentem.
1038 1763 1178 1826 Ceterum
1206 1759 1351 1848 genitivus
1451 1769 1452 1804 l

358 1889 411 1955 τῆς
433 1888 525 1956 sexto
548 1882 621 1962 άράς
651 1903 713 1946 non
743 1881 853 1968 pendet
883 1881 1017 1962 νμέσμ,
1040 1881 1093 1946 sed
1115 1904 1132 1945 a
1154 1885 1262 1946 ταῦτά.
1305 1879 1353 1942 Ἐν

358 1999 437 2080 μέσῳ
466 1998 570 2064 τνάένσνν
601 1999 781 2086 simpliciter
810 2005 857 2065 est
883 2023 1063 2088 proponere,
1096 2001 1245 2087 proferre:
1276 1995 1357 2092 velut

362 2118 536 2183 Herodotus
559 2118 607 2181 IV
632 2123 671 2184 97
705 2120 822 2196 ννάμην
852 2120 881 2191 ἐς
909 2118 995 2198 μέσον
1018 2119 1113 2203 eptae:
1148 2119 1298 2184 Lucienus
1319 2115 1356 2180 de
1452 2104 1453 2152 ³

360 2236 505 2302 conscrib.
528 2235 598 2302 hist.
622 2241 663 2302 60
687 2239 774 2316 μῦθος
796 2240 826 2302 ἐν
847 2237 926 2316 μέσον
949 2237 1051 2310 θετέος.

406 2362 476 2422 152.
521 2360 643 2423 τσνάνσι.
690 2356 876 2422 Scholiasta:
900 2355 942 2423 ὅτι
964 2358 1011 2422 ἐστὶ
1034 2355 1223 2429 άτσάνινάντνς
1247 2357 1358 2420 nardus

359 2472 437 2541 εἶτεν
459 2481 568 2552 κακῶς,
591 2482 621 2540 et
643 2477 728 2540 adbit
751 2476 927 2563 Euripidem
950 2475 1017 2541 Alc.
1041 2479 1107 2539 424

581 2598 694 2660 σμνάνμ
716 2597 756 2676 τῷ
778 2594 904 2659 κάτωάεν
926 2594 1057 2674 άστάνδῳ
1078 2597 1138 2676 θεῷ.

361 2713 445 2778 Illud
467 2719 562 2786 κακῶς
592 2735 654 2778 non
685 2713 722 2777 ad
753 2713 984 2801 vituperandum
1007 2713 1193 2798 Aeschylum
1215 2713 1360 2800 pertinere

362 2834 518 2909 existimo,
546 2833 596 2897 sed
620 2834 656 2898 ed
680 2834 796 2898 tristem
820 2832 876 2898 hoc
899 2832 967 2896 loco
990 2831 1130 2898 vocabuli
1153 2831 1245 2898 τμνάν
1268 2831 1359 2919 sigui·¹

363 2952 548 3029 ficationem,
570 2953 681 3039 quippe
703 2953 735 3015 in
758 2951 935 3039 appellando
950 2958 1071 3017 mortuo
1085 2951 1188 3038 positi.
1211 2950 1360 3034 Stanlejus

363 3072 448 3135 affert
472 3071 560 3136 etiam
585 3070 674 3158 Soph.
698 3071 773 3135 Oed.
796 3072 867 3156 Tyr.
888 3074 906 3135 5

494 3191 564 3268 άμνῡ
588 3189 616 3253 δὲ
639 3187 823 3254 carduceas
846 3188 894 3253 καὶ
919 3187 1142 3266 στενάγμάτινν.

407 3313 478 3374 155.
524 3310 624 3390 ἔρυμά.
670 3309 827 3376 Glossema
857 3309 980 3375 additur
1002 3307 1050 3374 τὸν
1073 3307 1178 3390 τάφον.
1227 3310 1362 3375 Fortasse

361 3427 545 3516 ignobiliore
563 3427 711 3494 vocabulo
731 3451 804 3494 usus
826 3433 873 3494 eet
895 3430 932 3493 ad
956 3429 1190 3514 significandum
1214 3428 1361 3494 tumulum

362 3569 422 3612 non
446 3549 519 3614 satis
543 3551 776 3634 Agamemnonis
800 3549 944 3635 dignitati
969 3549 1214 3613 convenientem:
1238 3549 1275 3612 cl.
1300 3550 1361 3612 433

363 3671 394 3730 et
422 3669 494 3730 440.
540 3667 624 3738 Quae
654 3673 753 3732 tamen
784 3667 946 3755 explicatio
978 3667 1198 3753 quodammodo
1229 3669 1363 3754 quaesita

363 3786 459 3851 videri
494 3792 601 3872 potest.
646 3786 744 3852 Credo
777 3789 893 3876 potius,
928 3786 1020 3869 ἔρυμά
1055 3809 1149 3871 quum
1183 3789 1302 3886 proprie
1330 3787 1363 3851 de

361 3905 442 3969 vallo
463 3905 625 3984 dicaretur,
648 3905 828 3971 translatum
851 3927 915 3972 esse
937 3907 975 3972 ad
995 3905 1167 3992 sepulcrum
1187 3907 1293 3983 etiam,
1316 3910 1363 3971 ut·

361 4032 431 4111 pote
454 4025 593 4089 similiter
615 4030 803 4091 exstructum
827 4033 856 4091 et
879 4049 916 4090 ex
939 4024 1089 4112 lapidibus
1108 4026 1230 4090 sectum.

409 4148 480 4209 156.
525 4142 607 4221 άνσς.
657 4144 743 4210 Libri
777 4144 879 4223 άλνσς.
930 4145 1043 4210 Verum
1079 4145 1242 4210 scholiasta
1275 4143 1362 4209 habet

362 4265 468 4332 lemma
491 4263 564 4346 άννς
587 4265 767 4350 άσεάχετσν,
801 4271 832 4330 et
854 4265 1104 4357 explicationem:
1138 4266 1171 4332 τὸ
1195 4265 1282 4349 δάκρυ
1305 4264 1361 4345 γάρ
