2972 4974
575 475 774 521 uunornmo.
1120 459 1180 520 135

217 663 290 724 545.
335 659 458 736 uuordo.
504 657 590 723 Libri
614 659 741 736 μασθὸν,
764 661 794 724 Β.
816 658 914 738 μονίὸν.

217 780 290 842 546.
333 776 431 861 φίλον.
479 775 643 856 Dubitari,
674 802 711 843 an
739 781 888 866 scriptum
912 778 991 842 loret
1014 799 1072 840 usu
1097 777 1183 862 epico

166 917 223 982 pro
246 895 328 973 ἐμὸν,
359 892 467 980 quum,
499 903 534 960 ut
559 897 647 961 modo
671 897 898 974 annotavimus,
929 894 1180 982 comparationem

166 997 292 1078 Orestes
322 1019 447 1101 urgeat:
482 1016 633 1098 quomodo
657 1019 721 1080 410
744 1016 832 1099 φίλον
854 1015 940 1093 κίονος
975 1012 1057 1099 quod
1082 1019 1180 1078 tamen

165 1132 276 1196 durius
300 1132 374 1196 mihi
399 1133 535 1208 videtur,
570 1155 668 1218 neque
698 1133 729 1197 id
763 1134 843 1211 fieri,
876 1133 936 1196 uisi
960 1133 991 1196 iu
1015 1133 1054 1196 iis
1077 1131 1184 1207 rebus,

163 1273 244 1336 quae
279 1273 380 1338 reapse
415 1257 536 1316 nostrae
569 1253 651 1316 sint:
684 1252 767 1337 quod
801 1253 838 1316 de
872 1251 950 1316 lacte
983 1252 1086 1316 matris
1118 1251 1180 1314 dici

164 1393 231 1434 uon
262 1374 370 1456 potest
415 1370 484 1434 Nec
506 1377 616 1434 temere
639 1371 685 1434 sio
708 1369 891 1456 appellatum
914 1391 979 1434 esse
1002 1369 1091 1433 eredo
1115 1369 1179 1444 lac,

163 1489 251 1574 quod
274 1488 370 1552 soleat
392 1509 456 1552 esse
478 1487 566 1552 dulce
588 1489 765 1554 infantibus.
799 1489 894 1554 llstne
918 1487 1023 1552 acerbe
1046 1487 1178 1563 dictum,

165 1611 204 1672 ut
226 1608 378 1694 oppositio
403 1608 561 1694 sanguinis
584 1609 637 1673 fiat
661 1606 793 1672 clarior?
818 1629 857 1671 an
879 1607 1033 1694 significat
1056 1607 1180 1670 Orestes

162 1726 200 1790 id
232 1725 294 1803 lac,
325 1725 407 1810 quod
439 1726 496 1790 sibi
533 1725 697 1812 aliquando
732 1725 821 1790 dulce
854 1748 1016 1810 carumque
1048 1725 1179 1790 fuisset?

164 1847 240 1910 Non
276 1845 398 1922 dirimo,
433 1845 485 1909 sed
520 1847 668 1932 posterior
703 1844 808 1910 harum
845 1847 923 1910 ratio
953 1843 1029 1909 mihi
1061 1843 1181 1908 videtur

164 1965 278 2028 verior.

212 2087 285 2150 547.
331 2083 416 2165 ἀμφὶ
439 2081 541 2161 rapum
564 2080 637 2163 τῷδ’.
673 2083 710 2146 Ιιι
733 2082 767 2146 M
786 2081 1039 2164 ἄμφιτκρβννωί,
1059 2081 1178 2144 Getlt

163 2200 286 2265 similia.

212 2321 284 2383 548.
331 2318 482 2395 ἔκπαγλον
501 2320 594 2400 τέρος.
631 2320 816 2396 Draconem,
838 2321 891 2404 qui
915 2323 1056 2383 terrorem
1081 2324 1112 2383 et
1136 2317 1178 2382 le-

163 2437 246 2503 thale
270 2437 380 2502 vulnus
403 2438 461 2522 ipsi
484 2437 630 2502 intulerit.

211 2561 285 2620 549.
330 2554 572 2636 ἐκδροκοντωίείς.
620 2554 749 2621 Minime
778 2554 837 2620 hoc
867 2578 951 2621 nunc
973 2559 1106 2644 pertinet
1128 2579 1182 2637 eo,

165 2681 202 2741 ut
226 2676 349 2740 Orestes
374 2674 432 2739 sibi
457 2675 590 2759 aliquem
613 2676 736 2740 nimiam
761 2675 973 2740 crudelitatem
996 2674 1113 2740 belluas
1136 2677 1178 2740 si-

165 2794 267 2858 milem
290 2795 469 2880 imputaret:
500 2815 602 2859 verum
626 2817 658 2858 se
681 2796 886 2882 significatum
911 2817 974 2858 esse
997 2795 1084 2859 illurn
1109 2796 1178 2860 dra-

166 2933 273 2977 conem
297 2912 463 2998 intelligit,
491 2914 543 2995 qui
566 2935 582 2976 e
610 2917 703 2977 matre
727 2913 888 2998 prodiisset
909 2911 1051 2998 illamque
1074 2914 1180 2978 vulne-

165 3035 278 3096 rasset:
311 3052 343 3094 se
370 3031 430 3114 jam
464 3031 495 3094 id
528 3053 638 3095 munus
670 3032 822 3117 suscipere
852 3035 882 3095 et
913 3031 1053 3096 draconis
1079 3037 1178 3118 partes

168 3148 248 3214 velle
271 3147 421 3212 sustinere
444 3149 579 3214 affirmat.

214 3270 287 3332 550.
332 3273 430 3332 κτενῶ.
476 3267 645 3332 Turnebus.
691 3265 779 3332 Libri
803 3267 912 3334 κτείνω.

213 3390 285 3451 551.
331 3386 522 3473 Apollinem,
547 3387 635 3471 cujus
658 3391 787 3452 statuam
812 3388 843 3450 in
868 3409 956 3452 scena
971 3388 1098 3474 positam
1116 3411 1180 3453 esse

168 3505 259 3584 dicit,
281 3505 471 3570 Wellauerus
484 3505 657 3591 compellari
678 3506 770 3571 dicit:
783 3506 853 3571 vide
865 3507 930 3591 ejus
942 3509 1044 3570 notam
1057 3506 1094 3570 ed
1108 3510 1180 3573 583.

168 3622 256 3689 Nihil
282 3623 319 3688 de
342 3646 376 3688 ca
399 3627 500 3688 statua
524 3626 664 3710 comperi.
710 3623 843 3690 (thorum
872 3625 995 3690 Orestes
1006 3625 1180 3711 alloquitur.

215 3746 288 3808 552.
334 3739 443 3819 γένοντο
465 3742 490 3805 δ’
511 3739 607 3815 οὕτως.
655 3743 738 3807 Beue
760 3743 915 3808 ominandi
939 3744 1097 3808 formulam
1116 3767 1181 3810 esse

167 3860 307 3926 observat
330 3860 501 3945 Stnnlejus,
524 3862 682 3926 conferens
706 3863 788 3950 Sept.
812 3885 836 3926 c.
860 3861 917 3926 rh.
941 3884 975 3926 vs
999 3867 1071 3927 526.

214 3981 287 4044 553.
332 3979 394 4058 μὲν.
442 3980 546 4044 Suasit
569 3979 740 4066 Stanlejus:
763 3981 792 4044 G
812 3978 836 4044 δ’
858 3983 1021 4056 ἐντνποοενν,
1045 3982 1078 4046 Μ
1099 3982 1122 4044 δ’
1141 3978 1180 4058 ἕν,

170 4100 320 4162 retentum
346 4119 363 4160 a
385 4097 586 4182 quibusdam,
609 4099 698 4162 etiam
723 4097 760 4164 ab
784 4097 974 4164 Hermanno:
998 4100 1076 4164 idem
1099 4099 1181 4164 bunc

170 4237 287 4282 versum
311 4217 500 4304 transposuit
523 4223 592 4304 post
614 4223 788 4303 sequentem
810 4223 841 4284 et
865 4218 991 4284 Orestae
1013 4219 1131 4284 tribuit.
