2972 4974
586 481 786 529 Annonem,
1132 465 1193 534 llll

192 691 274 754 quam
296 669 406 734 sumsit
428 667 458 732 in
484 664 601 744 ἰσόθεος,
623 668 705 732 Pers.
728 670 771 732 86
794 672 824 733 et
848 671 921 732 856.
968 666 1082 733 Vernnr
1106 689 1194 732 noea·

191 787 253 853 buli
280 785 381 859 lettere
411 789 443 851 in
477 791 639 872 anapaesto
670 787 802 873 ponendi
832 808 894 852 non
925 785 1024 853 eadem
1048 788 1127 852 ratio
1151 791 1198 852 eat

191 909 276 991 atque
299 903 441 970 vocabuli
467 903 613 986 ἰσόμοιρος.
905 879 912 892 ’

232 1028 302 1090 319.
350 1023 510 1090 Pertinent
521 1022 593 1088 haec
606 1023 643 1088 ad
655 1023 897 1112 magnitudinem
909 1024 1102 1090 infelicitatis
1113 1027 1197 1110 Age-

193 1143 354 1208 memnonia
377 1143 608 1229 significandam
631 1149 662 1208 et
686 1141 918 1231 deplorandam:
942 1165 1012 1210 nom
1031 1165 1125 1228 quum
1145 1141 1198 1208 ille

193 1263 284 1328 victor
303 1262 400 1326 redux
420 1263 577 1326 interitum
597 1263 779 1336 invenisset,
800 1262 951 1328 maximus
971 1263 1036 1347 ejna
1055 1261 1198 1349 splendor

194 1380 406 1469 comparandus
428 1385 491 1446 erat
513 1379 662 1458 tenebris,
677 1377 820 1466 'quaeque
839 1381 950 1467 gaudia
969 1379 1117 1468 appellata
1133 1381 1198 1446 fue·

194 1506 273 1577 rant,
293 1499 421 1588 lugendi
440 1499 543 1588 potins
567 1498 757 1564 nobilitatem
781 1503 965 1586 pepererant.
1001 1500 1039 1563 In
1063 1497 1198 1586 epitheto

194 1620 307 1695 εὐκλεὴς
329 1640 426 1683 amara
446 1623 492 1684 est
510 1617 598 1702 quasi
617 1617 766 1695 laudati03
789 1639 883 1702 quum
903 1618 1016 1704 gaudia
1039 1617 1071 1680 in
1093 1617 1199 1686 fletum

195 1742 303 1802 motata
333 1759 398 1802 ease
428 1736 526 1816 dicat,
556 1736 655 1802 utitur
681 1735 833 1824 epitheto,
856 1737 976 1823 gaudiis
998 1737 1097 1822 magia
1119 1739 1200 1822 apto.

196 1855 314 1921 Nobilis
346 1855 468 1940 quidem
502 1856 593 1920 etiam
628 1854 690 1919 dici
724 1859 825 1942 potent
858 1877 905 1920 rea
942 1855 1035 1934 mala,
1069 1855 1152 1922 velut
1183 1877 1200 1919 a

196 1973 280 2042 Iririo
296 1973 410 2040 dioitnr
424 1973 538 2039 nobilia
556 1972 640 2040 clade
655 1973 793 2040 Romana
804 1975 943 2040 Caudina
962 1997 1037 2061 par,
1060 1974 1095 2039 L.
1108 1973 1158 2040 IX
1173 1977 1200 2044 l:

197 2113 292 2158 rernm
325 2093 506 2181 compositio
536 2093 680 2178 adjectivi
711 2093 831 2169 εὐκλεής
854 2093 1028 2178 hujusmodi
1051 2091 1200 2178 ambigui·

72 2277 73 2296 ¹
197 2215 281 2276 nam
311 2235 374 2277 non
401 2211 555 2278 admittit:
589 2212 687 2298 igitur
717 2217 839 2298 propter
868 2235 932 2278 eam
956 2234 1088 2289 canaam,
1109 2233 1199 2296 quarn

199 2328 272 2407 dixi,
294 2329 485 2396 nobilitatem
510 2328 604 2394 cladis
622 2332 877 2416 Agamemnoniae
892 2352 927 2396 eo
943 2329 1089 2396 vocabulo
1107 2330 1200 2396 Oroe-

198 2451 239 2511 tes
259 2449 447 2536 significasse
470 2446 597 2514 videtur.
647 2449 694 2512 De
725 2448 835 2536 plurali
859 2447 1018 2531 Ἀτρείδαις
1042 2449 1081 2514 ci.
1104 2451 1144 2516 53
1171 2420 1202 2514 et

200 2569 266 2633 287.
311 2568 438 2632 Orestae
460 2567 610 2652 querelam
638 2567 747 2632 idonea
769 2566 862 2632 Obori
887 2568 1055 2633 consolatio
1078 2568 1202 2654 excipit.

185 2765 191 2773 .
239 2689 309 2751 361.
355 2685 434 2765 γόος.
479 2685 600 2750 Similia
621 2685 763 2767 ὀτοτύζειν
787 2689 868 2764 366,
899 2686 1103 2769 πολυδάκρυτα
1133 2685 1202 2754 πέν-

199 2803 228 2878 la
245 2807 325 2883 333,
347 2803 546 2883 r'mwrcssc'hcc
566 2803 659 2885 θρῆνος
680 2807 759 2882 335,
781 2806 914 2881 ceneclan
934 2805 1098 2885 ὄλολαρμός
1122 2809 1204 2883 386,

72 2937 73 2986 l
199 2915 282 2996 olma
305 2926 387 3001 411,
410 2922 543 3002 πένθημα
565 2925 647 3000 432,
668 2923 819 3005 ὀδύρματα
843 2927 916 2990 503.
950 2923 997 2992 Of.
1022 2923 1061 2992 ad
1085 2925 1148 2990 130
1172 2927 1203 2990 et

72 3071 73 3076 ¹
200 3041 326 3105 ad18ll.

239 3164 310 3226 365.
356 3163 374 3237 οἱ
403 3159 531 3242 μαλερὰ.
578 3159 746 3228 Personam
777 3163 876 3228 aconti
908 3162 1038 3228 ediloree
1067 3161 1204 3248 plerique

72 3307 73 3326 ο
198 3277 368 3346 deleverunt
390 3279 571 3356 articulum,
593 3285 717 3368 propter
736 3287 873 3346 metrum.
919 3281 960 3347 Et
983 3287 1098 3361 tamen,
1121 3303 1202 3346 oom-

72 3407 73 3416 ’
197 3419 297 3485 perena
320 3397 404 3464 huno
428 3419 545 3464 versum
569 3421 639 3464 cnm
663 3402 756 3476 356,Ι
773 3400 799 3464 ai
822 3401 1003 3486 anapaestioi
1027 3404 1119 3477 aunt,
1140 3422 1203 3466 non

197 3515 352 3584 absurdum
375 3522 462 3605 puto,
484 3518 615 3606 primum
635 3517 737 3605 pedem
761 3541 862 3584 vernus
887 3522 950 3588 356
970 3541 1036 3588 ease
1051 3517 1202 3605 jambam:

195 3659 282 3722 quum
306 3639 398 3704 etiem
422 3639 455 3702 in
478 3639 665 3724 paroemiaco
684 3638 814 3725 primum
834 3637 939 3725 pedem
960 3637 996 3705 nb
1015 3636 1202 3706 Archilocho

192 3755 321 3841 iambum
346 3779 401 3844 pro
423 3762 583 3844 anapaesto
606 3759 740 3846 positum
762 3758 857 3824 foieae
880 3758 985 3824 doceat
998 3757 1204 3845 Hephaestio,

195 3896 219 3940 e.
241 3875 325 3942 vm
350 3879 382 3942 2.

235 3996 306 4060 ³25.
353 3992 481 4075 μαλερὰ.
532 3992 684 4060 Hesiodus
715 3994 797 4060 Sonti
835 3993 925 4060 Hero.
961 3999 1001 4059 18
1032 3992 1204 4076 μαλερῷδὲ

197 4133 235 4175 τυ
259 4164 265 4176 .

235 4111 309 4302 iao.
354 4228 461 4314 Φαίνεο.
509 4229 627 4318 Nempe
650 4231 664 4298 l
687 4229 784 4296 θανών.
