2972 4974
320 485 383 546 142
706 499 905 545 mansuro.

319 682 462 768 syllabam
482 683 677 770 posteriorem
697 680 803 746 habeat
829 682 968 768 longam,
989 703 1093 746 vemas
1113 682 1160 746 sic
1179 681 1340 767 discrepet

320 823 336 864 a
363 799 527 887 strophico.
574 799 630 878 blt,
657 805 693 864 ut
720 805 789 863 ante
814 799 895 878 disi,
918 798 995 863 mihi
1019 799 1209 864 audaciorem
1235 798 1340 863 videri

319 941 422 985 eorum
451 920 615 994 rationem,
644 918 716 1003 qui,
738 923 774 982 ut
797 923 889 982 metra
913 917 1117 994 oonst'tuant,
1142 917 1341 981 emendatio-

320 1059 373 1102 nes
404 1060 490 1124 saepe
518 1059 581 1102 non
613 1038 687 1101 satis
719 1040 815 1100 certas
845 1037 1001 1115 inferunt,
1020 1041 1120 1102 tamen
1144 1037 1210 1122 ipse
1235 1035 1341 1099 nolim

320 1156 431 1220 inferre
472 1155 712 1232 emendationes,
750 1177 826 1240 qnae
864 1159 960 1219 metra
998 1153 1120 1219 turbere
1154 1155 1343 1228 videantur,

320 1275 492 1360 praesertim
535 1274 587 1339 nbi
627 1274 772 1339 librorum
812 1275 965 1360 scriptura
1003 1272 1240 1360 explicationem
1283 1273 1343 1337 ad·

320 1393 425 1458 mittit.

364 1515 437 1576 603.
482 1509 560 1583 ὅστις
582 1509 670 1583 laris.
716 1511 915 1576 Constructio
944 1511 1117 1596 hujusmodi
1142 1533 1213 1574 cum
1239 1512 1344 1596 parti·

320 1632 399 1716 cipio
430 1631 496 1695 sine
524 1629 633 1716 copula
656 1631 746 1694 etiam
771 1638 817 1694 est
841 1631 928 1694 Piud.
956 1631 1064 1694 01.11
1089 1632 1152 1694 102
1178 1631 1201 1694 εἰ
1227 1629 1258 1693 δέ
1288 1655 1344 1708 μιν

320 1749 396 1830 ἔχων
418 1773 479 1825 τις,
501 1754 532 1813 ot
555 1747 646 1834 Soph.
671 1752 744 1813 Ant.
770 1753 833 1812 200
858 1745 936 1820 ὅστις
954 1747 1061 1820 εὔνους.

366 1868 439 1932 603.
484 1867 658 1946 ὑποπτέροις.
703 1867 753 1930 Ita
780 1866 959 1932 Turnebus:
982 1866 1053 1931 libri
1078 1865 1248 1946 ὑπόπτερος.
1302 1868 1343 1930 Ιιι

323 1983 448 2050 scholiis
471 1991 632 2069 utrumqne
655 1985 841 2071 agnoscitur.

367 2105 440 2168 603.
488 2103 577 2168 Hanc
601 2108 792 2189 superantem
816 2102 917 2166 omnia
941 2101 1097 2168 muliebris
1121 2103 1213 2166 animi
1237 2103 1346 2188 impo-

323 2223 447 2288 tentiam
478 2221 633 2309 intelligat
664 2222 708 2298 is,
737 2222 791 2305 qui
821 2227 923 2285 mente
949 2222 1063 2286 acriore
1085 2225 1115 2285 et
1138 2221 1347 2308 profundiore

322 2341 456 2427 percepit
484 2340 653 2426 exemplum
686 2338 850 2418 Althaeae,
882 2339 961 2404 filiae
992 2339 1126 2405 Thestii:
1157 2342 1207 2403 cni
1239 2361 1345 2424 quum

322 2461 434 2524 Pareae
471 2460 610 2526 titionem
646 2459 868 2536 ostendissent,
902 2459 1053 2543 aequalem
1087 2460 1226 2523 futurum
1262 2467 1345 2525 nato

323 2601 426 2644 recens
450 2579 604 2666 Meleagro
625 2578 705 2657 filio,
724 2601 793 2644 enm
811 2578 865 2642 illa
885 2580 1016 2644 servavit
1034 2580 1216 2664 sepositum:
1239 2577 1348 2644 donec

322 2699 354 2762 in
381 2699 540 2764 venatione
564 2720 617 2784 per
640 2698 736 2761 rixam
762 2697 914 2784 Meleager
937 2698 1045 2762 fratres
1068 2695 1216 2762 Althaeae
1240 2697 1348 2762 inter-

324 2817 412 2882 fecit:
446 2839 506 2902 quo
539 2817 621 2882 iacto
653 2816 706 2880 illa
735 2817 813 2880 irata
841 2817 982 2882 titionem
1016 2814 1185 2879 combussit
1215 2821 1249 2879 et
1273 2817 1348 2881 filio

325 2956 415 3000 cansa
448 2936 555 3000 mortis
586 2935 655 2998 fnit.
701 2935 782 2998 Vide
814 2934 958 3020 Apollod.
979 2935 996 2997 Ι
1021 2939 1058 3012 8,
1083 2933 1174 2997 Diod.
1198 2933 1262 2996 Sic.
1290 2935 1346 2998 IV

324 3079 352 3142 p.
377 3059 436 3118 167
463 3053 498 3129 d,
529 3053 619 3118 Ovid.
650 3051 774 3116 Metam.
803 3052 887 3115 VIlI
910 3055 990 3116 451:
1013 3074 1092 3136 quae
1113 3051 1181 3116 loca
1205 3052 1348 3118 attulere

323 3172 521 3238 Blomfieldus
556 3176 587 3236 et
620 3171 808 3235 Schuetzius.
856 3171 982 3236 Transit
1015 3176 1119 3256 postea
1150 3169 1272 3235 Chorus
1304 3173 1345 3236 ad

323 3293 490 3379 exemplum
525 3291 657 3376 Scyllae,
690 3294 771 3367 613,
805 3297 872 3354 tum
900 3291 937 3354 ad
969 3290 1227 3375 Clytaemnestrae
1252 3294 1346 3370 623,

323 3431 412 3497 porro
436 3411 473 3474 ad
496 3409 639 3474 Lemnias
662 3412 735 3473 631.

369 3533 442 3596 607.
488 3527 626 3610 πρόνοιαν.
672 3527 794 3614 Quippe
816 3526 1024 3614 intelligebat,
1045 3524 1204 3590 combusto
1223 3527 1347 3594 titione

323 3647 408 3713 illico
434 3646 619 3733 Meleagrum
644 3647 833 3711 moriturum.

368 3770 442 3832 608.
486 3765 674 3831 sacellanos.
721 3765 758 3828 ln
791 3765 820 3828 G
849 3762 1002 3839 saltonem,
1028 3763 1062 3826 in
1086 3761 1119 3826 M
1143 3760 1169 3826 κ’
1195 3759 1345 3840 αἴθουσα,

323 3886 404 3970 quod
434 3883 590 3950 nonnullis
619 3884 720 3949 visum
742 3891 788 3946 est
812 3886 828 3958 ἡ
852 3881 978 3948 attonsa.
1026 3880 1073 3946 Ex
1097 3903 1159 3964 quo
1181 3880 1345 3969 intelligi-

323 4010 391 4081 tur,
413 4025 501 4087 quam
527 4003 590 4066 sint
613 4026 629 4076 n
653 4007 683 4066 et
707 4025 725 4066 κ
747 4002 779 4064 in
802 4000 857 4064 illo
881 3999 959 4064 libro
983 4001 1117 4064 interae
1141 3997 1271 4064 similia:
1298 4003 1345 4066 cf.

324 4122 481 4186 annotatio
509 4121 546 4185 ad
577 4118 667 4195 claras
695 4123 769 4184 392.
814 4118 944 4184 Itidem
969 4117 1052 4202 quod
1075 4116 1118 4180 M
1154 4116 1345 4184 emollescat

324 4239 448 4307 debetur
467 4239 616 4304 Gentem:
640 4237 810 4324 Weigalios
833 4234 954 4304 staura.
