2972 4974
317 472 378 532 156
723 489 921 536 susorarro.

314 693 345 736 se
368 669 526 737 similibus.
572 671 681 736 Verum
706 670 774 738 ideo
800 670 991 736 Hermannus
1013 670 1141 736 alterum
1164 670 1319 758 epitheton

313 794 400 877 putat
423 812 487 854 esse
508 789 672 876 glossema,
691 794 722 856 et
741 788 934 856 scribendum
953 789 1051 870 νύχνδν
1070 787 1093 854 t'
1113 787 1317 872 ‘Epptaeotct'

313 907 475 992 ἐφοδεῦσαι.
522 907 694 974 Mutationc
716 929 777 972 nou
801 930 877 995 opus
900 931 966 974 esse
987 906 1124 974 arbitror.

360 1030 432 1093 730.
478 1026 574 1092 Recte
597 1025 629 1091 hi
653 1049 755 1092 versus
777 1049 860 1092 nunc
888 1025 989 1092 Oboro
1012 1027 1207 1106 tribuuntur;
1230 1027 1318 1093 etiam

313 1145 506 1212 scholiastam
530 1167 581 1211 eos
604 1144 704 1210 Choro
724 1145 868 1212 tribuisse
887 1152 1021 1234 apparet:
1043 1146 1114 1212 olim
1134 1147 1247 1212 famulo
1265 1147 1320 1212 tri·

314 1262 490 1330 buebantur.
536 1265 574 1329 In
607 1265 639 1329 M
664 1265 744 1330 linea
768 1267 897 1352 praelixa
919 1271 982 1341 est,
1004 1268 1036 1331 iu
1062 1267 1091 1331 G
1113 1266 1197 1332 nulla
1219 1288 1318 1354 perso·

313 1405 368 1448 nac
389 1389 478 1462 nota,
500 1383 579 1470 apud
606 1383 815 1450 ltobortellum
838 1385 908 1465 las,
926 1385 1005 1472 apud
1022 1384 1198 1452 Turnebum
1213 1408 1246 1452 ον.
1264 1387 1282 1450 i.
1294 1408 1317 1450 e.

312 1501 429 1578 οἰκέτης.
475 1501 534 1566 Pro
557 1502 674 1583 τεύχειν
698 1501 893 1568 Hermaonus
918 1502 984 1568 vult
1006 1512 1126 1584 τυχεῖν,
1149 1508 1179 1569 et
1200 1526 1318 1570 versum

312 1621 476 1697 excidisse,
498 1642 586 1705 quem
609 1643 672 1685 nou
696 1621 887 1686 incommode
910 1622 1026 1709 explet,
1050 1621 1108 1688 hoc
1132 1622 1236 1687 ruodo:

801 1747 904 1822 τυχεῖν
926 1741 1014 1806 κακὸν

513 1855 607 1924 strom
631 1857 728 1930 πένθος
751 1858 806 1932 θεὶς
830 1859 898 1932 νέοις
921 1858 1122 1938 ἀγγέλμασιν.

315 1978 385 2044 Non
411 1982 509 2042 tamen
534 1977 709 2043 mutandum
733 1979 882 2042 existimo.

359 2101 431 2164 733.
478 2094 611 2162 Κίλισσα.
657 2097 752 2162 Recte
770 2095 828 2161 hoc
849 2119 956 2162 nomeu
976 2119 1013 2162 ex
1036 2097 1174 2162 Mediceo
1193 2102 1224 2162 et
1243 2097 1320 2162 Tur-

314 2215 391 2281 nebc
413 2216 589 2281 restitutum
612 2220 675 2292 est,
697 2238 790 2301 quum
816 2215 876 2281 lere
895 2215 1034 2281 ederetur
1053 2215 1193 2281 Γείλνοοοο
1213 2237 1319 2281 secun-

314 2334 384 2400 dum
408 2332 634 2398 Robortellum:
658 2339 704 2398 cst
724 2356 834 2398 nomen
856 2335 972 2422 gentile
989 2357 1044 2421 pro
1064 2336 1186 2422 proprio
1206 2335 1319 2400 nutrici

313 2453 424 2518 datum.
472 2452 621 2518 Pindarus
644 2476 708 2518 eam
731 2453 894 2540 appellavit
918 2455 1084 2531 Arsino’e'n,
1108 2454 1162 2540 Py.
1186 2455 1235 2520 XI
1259 2458 1320 2532 26,

312 2571 521 2649 Stesichorus,
539 2580 574 2637 ut
594 2571 756 2638 scholiasta
775 2571 914 2637 adhunc
933 2571 1078 2659 Aeschyli
1098 2572 1198 2646 locum
1218 2574 1321 2650 docet,

313 2690 514 2756 Laodamiam.

359 2813 430 2877 733.
475 2809 555 2885 λύπη
579 2807 603 2873 δ’
625 2806 754 2888 ἄμισθος.
800 2809 941 2874 Tristitia
972 2833 1032 2876 nou
1064 2810 1117 2876 dat
1140 2810 1321 2876 mercedem:

313 2927 392 2994 nihil
415 2927 545 2992 dolendo
568 2927 715 3014 proficies.
739 2927 879 2992 Ceterum
904 2933 1011 3014 sponte
1031 2927 1233 3015 intelligitur,
1253 2933 1320 2993 toto

312 3047 371 3113 hoc
389 3069 526 3113 sermone
545 3045 678 3112 Chorum
692 3046 834 3112 consulto
847 3048 1049 3134 ignorantiam
1061 3069 1159 3112 rerum
1173 3046 1322 3112 simulare.

359 3171 430 3233 734.
475 3167 541 3238 τοὺς
563 3163 666 3242 ξένους.
714 3165 858 3230 Difficilis
889 3171 935 3232 est
966 3165 1058 3252 hujus
1081 3167 1247 3232 accusativi
1269 3189 1322 3231 ex·

313 3286 446 3374 plicatio.
477 3287 695 3350 Accusativum
719 3285 859 3370 agnoscit
883 3283 1062 3360 scholiasta,
1086 3285 1138 3350 sed
1158 3285 1252 3351 stulte
1271 3308 1322 3351 ex·

312 3405 413 3492 plicat.
449 3404 602 3490 Stanlejus
625 3403 724 3470 voluit
747 3403 815 3485 πρὸς
838 3402 949 3481 ξένους,
973 3405 1026 3470 sed
1050 3405 1197 3472 articulus
1220 3405 1322 3471 abesse

311 3547 372 3588 non
397 3545 483 3611 posse
506 3523 635 3588 videtur.
672 3524 812 3589 Pauwius
835 3531 894 3596 τοῖς
917 3522 1013 3600 ξένοις.
1048 3525 1128 3588 Sunt
1155 3525 1209 3610 qui
1232 3545 1322 3590 accu-

311 3643 440 3708 sativum
470 3644 514 3708 ita
544 3643 714 3729 explicent,
746 3647 780 3707 ut
811 3639 923 3720 οἳνωγεν
946 3642 1087 3707 monendi
1112 3641 1189 3708 hauc
1212 3642 1321 3710 habeat

312 3763 581 3850 significationem:
602 3761 723 3827 domina
742 3763 876 3839 monuit,
899 3760 1081 3850 Aegisthum
1100 3763 1137 3827 ab
1149 3761 1324 3848 hospitibus

313 3884 422 3947 vocari.
468 3882 541 3946 Non
573 3888 618 3946 est
649 3880 721 3946 haec
752 3881 936 3968 significatio
967 3881 1032 3966 ejus
1060 3881 1161 3947 verbi:
1184 3881 1267 3968 quod
1289 3884 1323 3946 in

312 4001 443 4067 nutricis
466 4022 602 4066 sermone
626 4002 726 4065 minus
750 4022 863 4065 moror:
889 4022 991 4066 verum
1013 4021 1071 4064 non
1094 3999 1130 4064 ah
1151 3997 1323 4086 hospitibus

313 4118 476 4184 vocabatur
510 4118 694 4205 Aegisthus,
729 4141 833 4185 verum
867 4143 883 4183 a
917 4118 1158 4205 Clytaemnestra
1192 4117 1228 4182 ad
1260 4140 1320 4183 eos.

312 4237 395 4324 Ergo
418 4236 561 4304 credibile
585 4260 648 4303 esse
672 4238 777 4316 credo,
800 4238 947 4304 nutricem
970 4239 1014 4303 ita
1037 4260 1121 4303 usam
1141 4259 1205 4302 esse
1224 4236 1321 4304 soloe-
