2956 4974
373 492 415 552 52
661 505 927 550 rnrraannrauuo
958 505 1091 552 samua.

371 690 483 777 pulsos.
529 689 569 754 ut
593 691 703 776 patris,
726 691 779 775 qui
804 689 861 754 tibi
887 711 970 754 sacra
994 687 1124 754 faciebat
1146 693 1177 754 et
1200 693 1232 754 te
1255 712 1366 776 meguo-

369 831 438 894 pere
468 808 652 885 honorabat,
682 809 707 872 si
740 807 795 872 hos
817 807 918 895 pullos
942 809 1124 895 perdideris,
1151 808 1232 872 unde
1256 807 1367 873 habebis

369 928 487 992 similis'
502 950 608 992 manus
632 927 809 1014 opulentum
827 926 963 992 donum?
991 948 1047 992 nec
1071 928 1097 991 si
1123 925 1242 1012 aquilae
1264 926 1366 1014 prolem

368 1046 550 1132 perdideris,
575 1051 680 1132 postea
704 1046 817 1132 poteris
842 1046 901 1110 fidu
926 1047 1013 1131 signa
1037 1047 1158 1110 mittere
1181 1043 1367 1110 mortalibus:

290 1165 422 1231 260nac
453 1167 535 1252 regia
565 1165 639 1230 haec
669 1167 779 1252 stirps,
809 1166 834 1230 si
865 1172 930 1231 tota
961 1165 1093 1230 arelacta
1119 1167 1195 1242 crit,
1222 1173 1290 1230 tuas
1312 1187 1369 1228 aras

366 1285 524 1369 adjuvabit
549 1285 654 1350 diebus
678 1306 839 1349 sacrorum.
874 1285 986 1349 Serva:
1011 1307 1047 1348 ex
1071 1307 1162 1370 parva
1187 1284 1298 1350 levabis
1322 1285 1370 1348 do-

366 1426 448 1467 mum
477 1410 507 1468 et
532 1426 672 1490 magnam
696 1405 822 1481 efficies,
844 1405 941 1468 visam
965 1426 1049 1469 nunc
1071 1405 1204 1491 graviter
1227 1403 1370 1468 cecidisse.

415 1522 483 1585 cto.
533 1521 561 1584 Ο
593 1523 691 1608 pueri,
722 1545 739 1585 o
770 1526 937 1586 servatores
968 1543 1035 1586 arae
1063 1523 1175 1608 patris,
1205 1522 1307 1586 silete:
1336 1543 1372 1584 ne

365 1641 434 1724 quis
465 1642 643 1726 comperiat,
673 1663 691 1704 o
720 1640 821 1726 pueri,
849 1646 880 1705 et
910 1641 1035 1727 linguae
1064 1642 1162 1727 gratia
1195 1642 1295 1705 omnia
1316 1641 1372 1703 ista

364 1760 507 1823 enuntiet
538 1758 688 1823 dominis:
717 1781 793 1844 quos
823 1781 879 1846 ego
908 1759 1024 1824 videam
1050 1759 1213 1844 aliquando
1236 1765 1370 1823 mortuos

364 1879 397 1942 in
422 1879 528 1942 nidore
550 1879 635 1964 piceo
658 1879 823 1942 flammae.⁴

413 1997 460 2060 Or.
505 1998 578 2062 Nou
604 1997 711 2082 prodet
733 1999 848 2062 Loriae
870 2001 978 2085 potens
1001 1997 1174 2074 oraculum,
1195 1997 1306 2081 jubens
1327 2019 1374 2060 mc

287 2115 396 2183 attin
424 2113 482 2178 hoc
510 2137 556 2179 me
579 2116 691 2180 inferre
713 2117 895 2202 periculum,
919 2121 948 2180 et
972 2117 1104 2181 incitans
1129 2138 1322 2202 magnopere,
1344 2120 1373 2179 ct

363 2232 544 2319 procellosas
573 2234 759 2299 calamitates
785 2235 859 2300 mihi
883 2235 940 2300 sub
960 2236 1061 2319 jecore
1085 2235 1183 2299 calido
1207 2237 1271 2298 fore
1294 2257 1372 2298 nun-

362 2353 463 2429 cians,
487 2353 547 2416 nisi
571 2373 732 2439 persequar
754 2355 849 2440 patris
873 2355 930 2418 mei
952 2375 1035 2432 reos,
1055 2353 1159 2418 eodem
1179 2352 1269 2418 modo
1293 2353 1372 2417 iuvi-

362 2462 425 2535 cem
456 2471 625 2536 interficere
656 2473 781 2556 jubens,
809 2472 992 2558 spoliatione
1021 2493 1176 2558 poenaque
1206 2473 1374 2536 furentem:

361 2612 467 2674 meque
494 2593 593 2676 ipsum
621 2589 712 2676 hujus
735 2592 778 2655 rei
803 2613 911 2677 poenas
936 2591 1077 2656 daturum
1102 2613 1166 2656 esse
1188 2613 1251 2655 mea
1276 2593 1374 2656 anima

361 2708 457 2787 dixit,
492 2709 650 2774 habentem
682 2709 776 2774 multa
807 2709 885 2774 mala
914 2711 1024 2774 tristia.
1071 2711 1150 2773 Nam
1178 2714 1208 2774 et
1234 2714 1374 2774 exterra

360 2827 538 2891 mortalibus
558 2829 766 2914 provenientia
784 2829 928 2892 iratarum
947 2828 1026 2892 dixit
1043 2816 1174 2892 Deorum
1188 2827 1374 2914 placamina,

284 2949 347 3010 280
361 2949 391 3008 et
424 2951 544 3010 nostros
573 2947 734 3030 utriusque
764 2945 903 3024 morbos,
927 2945 1118 3010 invadentem
1143 2967 1245 3010 carnes
1271 2947 1373 3011 crudis

360 3061 501 3127 dentibus
531 3065 754 3151 impetiginem,
787 3065 963 3130 caedentem
995 3069 1083 3130 vatus
1115 3065 1226 3129 robur:
1249 3068 1282 3129 et
1308 3064 1373 3129 alba

359 3187 494 3268 tempora
525 3206 560 3247 ex
593 3182 652 3247 hoc
681 3183 785 3248 morbo
812 3184 989 3270 provenire:
1014 3183 1148 3268 aliosque
1172 3183 1251 3248 dixit
1277 3184 1373 3270 impe·

357 3304 409 3386 tus
426 3301 610 3386 Erinnyum,
625 3323 641 3366 e
657 3303 804 3388 sanguine
818 3308 944 3387 paterno
961 3302 1163 3387 profecturos,
1179 3323 1276 3385 quum
1294 3303 1373 3368 clarc

358 3420 477 3484 visurus
502 3442 595 3484 essem
620 3443 671 3506 per
693 3419 831 3486 tenebras
851 3424 1023 3486 moventem
1044 3421 1123 3486 cilia.
1157 3421 1236 3485 Nam
1263 3423 1373 3509 caligi-

357 3560 466 3602 nosum
493 3539 660 3604 inferorum
692 3541 787 3605 telum
815 3540 1089 3625 cconsanguineis
1112 3543 1270 3617 exortum,
1296 3563 1371 3626 quo-

357 3679 424 3721 rum
451 3664 547 3722 morte
574 3659 725 3744 piaculum
754 3664 932 3746 conceptum
956 3659 1012 3737 sit,
1032 3664 1062 3723 et
1085 3657 1181 3724 rabies
1205 3663 1236 3723 ct
1259 3663 1374 3724 temere

357 3780 447 3840 nocte
480 3779 618 3842 exoriens
654 3779 746 3842 timor
780 3784 895 3855 movet,
926 3777 1030 3842 turbat
1061 3783 1091 3868 et
1122 3776 1257 3852 exurbe
1283 3779 1372 3866 fugat

281 3893 343 3954 290
358 3916 447 3958 aeneo
473 3894 593 3981 flagello
620 3897 773 3961 foedatum
797 3918 913 3982 corpus.
960 3897 1028 3960 Neo
1050 3896 1162 3961 talibus
1185 3895 1280 3960 licere
1304 3920 1372 3983 par-

357 4016 417 4078 tem
445 4015 569 4080 crateris
597 4013 721 4093 habere,
744 4037 800 4079 nec
821 4013 936 4078 libandi
959 4015 992 4079 in
1015 4014 1189 4080 foederibus
1212 4013 1372 4081 humoris:

356 4139 386 4195 et
415 4132 451 4196 ab
478 4133 538 4197 aris
563 4155 663 4197 arcere
685 4132 772 4198 illum
795 4157 856 4198 non
881 4134 976 4198 visam
1000 4135 1095 4219 patris
1118 4134 1212 4198 iram:
1236 4135 1372 4222 recipcre

354 4249 442 4314 illum
474 4257 504 4316 et
536 4252 656 4338 expiare
682 4252 854 4318 neminem:
877 4253 1078 4337 omnibusque
1101 4251 1270 4318 honoribus
1295 4254 1371 4318 ami·
