2956 4974
318 484 358 547 76
717 497 920 545 susurrum.

315 686 404 759 sunt,
423 704 502 746 meas
522 681 711 766 conjecturas
730 703 778 744 eas
799 701 862 745 csse
881 679 993 746 diserte
1012 679 1192 767 significavi.
1217 679 1320 744 Libro-

315 820 382 864 rum
412 799 535 864 nomine
565 798 707 885 intelhgo
730 797 873 862 Godicem
898 797 1088 877 Mcdiceum‚
1111 801 1256 884 scriptum
1279 819 1322 861 se·

316 917 386 984 culo
411 917 528 984 decimo
551 917 599 982 vel
621 917 800 996 undecimo,
822 917 875 1001 qui
895 919 1075 1004 praecipuus
1095 921 1141 980 est
1156 917 1319 1002 scripturae

314 1038 398 1101 fons:
430 1035 572 1101 Oodicem
606 1034 895 1121 Guelferbytanum,
918 1037 1066 1122 seriptum
1089 1035 1193 1100 seculo
1217 1037 1323 1120 quinto

316 1156 450 1232 decimo,
480 1157 512 1219 in
541 1177 601 1240 quo
632 1155 704 1219 hsce
732 1154 853 1239 quidem
884 1153 1129 1240 Ghoephorcrum
1159 1153 1262 1218 fabula
1288 1176 1324 1218 cx

316 1259 456 1340 Medioeo
485 1274 682 1360 transscripta
709 1295 772 1338 esse
795 1272 944 1338 creditur:
969 1271 1111 1337 codicem
1137 1271 1326 1347 Ruburtelli,

315 1413 404 1478 quem
435 1395 487 1457 aut
518 1391 657 1456 Mediceo
688 1413 829 1478 perquam
862 1391 991 1456 similem
1014 1392 1125 1469 fuisse,
1147 1396 1200 1456 aut
1224 1391 1324 1478 ipsum

316 1511 488 1576 Medicenm
522 1511 617 1575 fuisse
649 1511 692 1574 its
726 1515 883 1588 statuunt,
923 1513 973 1587 ut,
1007 1510 1033 1574 si
1064 1511 1130 1596 ipse
1167 1510 1327 1576 Mediceus

315 1629 423 1708 suerit,
454 1651 500 1707 ea,
531 1651 608 1712 quae
635 1627 830 1693 Robortellus
854 1651 870 1691 a
894 1627 1034 1692 Medioeo
1058 1627 1260 1713 discrepantia
1285 1628 1329 1692 af·

314 1747 407 1823 serat,
435 1747 639 1834 negligentiae
661 1747 758 1832 ipsius
783 1746 943 1811 tribuenda
967 1767 1030 1812 esse
1055 1745 1232 1810 videantur:
1257 1769 1327 1832 pos-

313 1866 408 1930 terius
431 1864 570 1948 equidem
593 1888 655 1928 nou
679 1867 870 1929 affirmavero.
916 1864 1058 1928 Ceterum
1080 1865 1112 1928 iu
1136 1864 1275 1929 Mediceo
1295 1871 1324 1929 et

313 1985 346 2048 iu
364 1983 600 2067 Guelferbytano
623 2005 685 2047 non
709 1983 943 2068 distinguuntur
964 1987 1172 2069 Agamemnon
1191 1987 1222 2048 et
1242 1982 1327 2048 Cho-

314 2099 456 2187 ephorae‚
488 2122 592 2168 verum
620 2107 693 2166 sunt
715 2101 897 2185 conjunctae
919 2101 951 2164 in
974 2122 1065 2166 unam
1086 2100 1236 2166 fabulum:
1263 2103 1328 2188 pri-

313 2241 381 2284 mus
404 2242 453 2284 eas
478 2219 594 2284 fabulas
617 2220 767 2307 separavit
790 2218 995 2285 Robcrtellus.

361 2578 389 2640 1.
434 2575 633 2640 Personarum
656 2575 778 2640 nomina
800 2579 831 2638 et
850 2574 975 2638 initium
991 2573 1165 2660 tragoediae
1182 2575 1217 2638 in
1234 2573 1326 2639 libris

316 2695 532 2780 manuscriptis
556 2694 675 2758 desunt.
721 2691 836 2758 Versus
863 2695 997 2778 quinque
1019 2694 1109 2780 primi
1132 2693 1230 2758 additi
1253 2699 1330 2758 sunt

314 2837 352 2880 ex
386 2812 599 2899 Aristophanis
624 2813 720 2876 Ruris
750 2816 834 2876 1126
857 2817 888 2876 et
909 2816 1010 2876 1152:
1036 2818 1156 2878 sextum
1178 2819 1209 2876 ct
1233 2813 1330 2898 sopti-

314 2956 398 2999 mum
428 2932 549 2997 addidit
579 2931 733 3015 Staulejus
763 2953 779 2996 e
801 2930 918 2996 scholio
942 2931 1068 2996 Pindari
1091 2929 1146 3014 Py.
1169 2931 1217 2994 IV
1245 2935 1329 2995 145:

315 3057 455 3116 octavum
489 3055 519 3115 et
547 3072 662 3116 nonum
694 3049 874 3115 Dindorfios
897 3071 914 3113 e
936 3049 1042 3114 codice
1066 3027 1219 3113 Vaticano?
1242 3053 1328 3128 909,

314 3171 366 3236 ubi
391 3171 413 3235 ii
430 3169 583 3253 Aeschylo
606 3168 783 3234 tribuuntur
807 3174 837 3233 et
861 3170 895 3234 in
914 3167 1102 3254 Ghoephoris
1122 3168 1215 3255 positi
1232 3170 1330 3234 foisse

314 3289 459 3356 dicuntur
486 3290 518 3354 iu
550 3287 667 3353 scholio
690 3289 725 3352 sd
750 3287 855 3374 Eurip.
878 3287 946 3352 Alc.
968 3291 1041 3354 785.
1076 3287 1135 3351 Vel
1158 3287 1204 3353 sic
1224 3293 1328 3352 tamen

312 3409 345 3472 iu
372 3407 616 3495 Choephorurum
642 3407 731 3472 initio
754 3407 899 3491 quaedum
924 3407 1035 3490 requiri
1060 3407 1210 3472 videntur.

360 3530 387 3591 1.
431 3527 536 3607 χθόνιε.
583 3525 631 3590 De
653 3525 711 3590 hoe
735 3525 882 3590 vocabulo
905 3530 1031 3610 totoque
1049 3525 1118 3590 loco
1136 3531 1244 3610 argute
1263 3525 1329 3591 dis-

310 3645 433 3733 putatio
456 3652 502 3710 est
525 3644 604 3731 apud
628 3642 870 3729 Aristophanem.
905 3645 999 3708 Recte
1022 3641 1176 3728 Stanlejus
1200 3643 1328 3709 Merou-

316 3765 395 3829 rium
431 3764 573 3851 appellari
604 3785 639 3827 eo
672 3764 794 3828 nomine
828 3763 919 3842 dicit,
952 3766 1023 3847 qnia
1054 3763 1165 3827 mortui
1188 3763 1329 3828 sicurae

313 3887 416 3960 erant,
446 3884 571 3947 efferens
605 3883 696 3948 etiam
723 3885 788 3946 124
818 3888 848 3946 ct
875 3880 965 3969 Soph.
991 3883 1039 3966 Aj.
1065 3885 1144 3959 131,
1167 3881 1221 3947 ubi
1245 3885 1328 3966 Ajsx

313 4003 346 4066 in
370 4002 507 4068 oratioue
529 4007 679 4088 postrema

846 4123 928 4183 καλῶ
951 4120 974 4183 θ’
998 4117 1067 4198 ἅμα

478 4243 626 4317 πομπαῖον
648 4240 755 4319 Ἑρμῆν
777 4237 888 4320 χθόνιον
911 4233 943 4302 εὖ
965 4262 1005 4316 με
1027 4236 1164 4316 κοιμίσαι.
