2974 4982
592 495 793 540 numerurm.
1128 475 1189 540 157

182 677 294 756 cismo,
317 683 352 742 ut
376 679 548 742 accusativo
568 699 621 742 usa
641 679 681 741 sit
700 699 754 763 pro
774 676 840 757 πρὸς
861 677 926 749 σοὺς
944 675 1047 752 ξένους.
1071 677 1191 749 Quodsi

182 795 361 860 emendandi
386 801 415 860 et
435 795 616 880 conjiciendi
637 795 739 859 studio
755 795 856 880 aliquo
868 795 957 859 modo
970 795 1191 882 indulgendum

181 919 335 1001 putarem,
359 914 518 979 scriberem
543 922 601 986 τοῖς
625 913 710 992 ξένοις
734 922 851 993 μολεῖν,
877 913 987 978 collato
1013 919 1085 981 766.

228 1038 299 1101 738.
344 1035 405 1100 θέτο
429 1035 606 1115 σκυθρωπῶν.
654 1035 706 1097 Sic
731 1035 898 1098 Victorius.
932 1034 1021 1099 Libri·
1043 1033 1104 1099 θέτο
1123 1059 1192 1100 σκυ-

181 1154 294 1234 θρωπὸν.
341 1153 405 1217 Alii
435 1150 528 1229 ἔθετο,
553 1158 582 1216 et
604 1154 635 1216 in
661 1153 826 1232 σκυθρωπῶν
851 1152 898 1217 vel
922 1152 1082 1235 ruotperto
1106 1153 1192 1218 diffe-

181 1277 262 1336 runt.
308 1272 404 1336 Recte
428 1271 560 1336 contulit
583 1270 768 1335 Abreschius
791 1271 896 1358 Eurip.
919 1272 972 1336 Or.
997 1275 1084 1336 1304

362 1392 445 1468 κοξγὼ
469 1391 647 1471 σκυθρωποὺς
670 1390 812 1469 ν’ριρκοθσων
835 1387 888 1466 ἕξω
912 1391 1004 1471 κθροις.

227 1511 299 1575 740.
346 1508 419 1590 ἔχει.
467 1510 519 1572 Sic
553 1510 590 1574 R.
638 1509 672 1572 M
707 1514 738 1573 et
773 1511 801 1574 G
833 1510 928 1590 ἔχειν,
960 1509 1011 1574 sed
1043 1512 1193 1574 sententia

181 1629 309 1712 requirit
332 1628 549 1704 indicativum,
571 1629 657 1712 isque
680 1631 856 1713 agnoscitur
877 1653 893 1692 a
913 1627 1092 1707 scholiasta,
1115 1630 1191 1694 seri-

180 1747 284 1812 bente:
308 1747 373 1813 atari
397 1752 447 1812 τοῦ
471 1752 565 1820 κοινῶς
589 1742 660 1818 οἶκος
684 1747 834 1812 διοικεῖται.

228 1869 300 1931 742.
346 1867 459 1936 ἐκεῖνος.
507 1865 593 1929 Libri
619 1866 730 1930 ἐκεῖνον.

227 1987 299 2050 744.
345 2008 392 2062 μοι
424 1985 656 2065 συγκεκραμένον.
705 1982 784 2048 Mihi
817 1983 966 2060 admixta,
1003 1985 1022 2048 i.
1054 2006 1077 2048 e.
1117 2005 1193 2069 quae

182 2107 302 2188 experta
332 2125 406 2166 sum.
452 2102 499 2166 Of.
524 2101 612 2166 Pind.
640 2102 694 2187 Py.
727 2101 757 2166 X
783 2105 825 2166 64
849 2101 915 2167 οὕτε
938 2110 1031 2183 γῆρκς
1054 2101 1191 2183 κέκροιτοιι

181 2227 285 2304 γενεᾷ,
315 2243 390 2306 gens
421 2243 482 2284 non
511 2221 666 2306 experitur
695 2225 888 2285 senectutem.
934 2220 1095 2286 Contraria
1119 2243 1191 2285 con-

182 2339 309 2403 structio
341 2345 386 2404 est
413 2339 493 2426 apud
517 2337 608 2426 Sopb.
632 2339 680 2424 Aj.
705 2343 767 2403 895
800 2339 980 2416 Τέκμησσκν
1009 2337 1091 2420 οἴκτῳ
1120 2339 1191 2422 τῷδε

182 2457 435 2538 συγκεκραμένην,
465 2463 495 2522 et
526 2459 632 2543 Antig.
658 2461 741 2522 1311
768 2457 881 2541 battuta
903 2457 1105 2540 συγκέκρκμωι
1129 2458 1191 2542 aaa.

226 2579 298 2643 749.
343 2576 429 2660 φίλον
453 2573 476 2640 δ’
499 2575 646 2657 Ὀρέστην.
695 2577 756 2640 Hic
778 2579 967 2642 accusativus
989 2578 1032 2642 ita
1052 2579 1191 2643 institui-

182 2701 246 2774 tur,
270 2702 305 2760 ut
328 2696 428 2760 dicere
454 2694 601 2761 voluerit:
625 2695 708 2760 bunc
731 2695 842 2760 obiisse
865 2697 941 2761 ferre
963 2720 1024 2762 nou
1052 2719 1191 2784 possum:

181 2814 226 2879 vel
258 2814 363 2878 simile.
413 2814 526 2878 Verum
557 2820 586 2878 et
616 2815 739 2879 initium
771 2816 916 2879 orationis
949 2816 1139 2903 abrumpitur
1162 2821 1192 2880 et

181 2933 312 3018 reliquae
334 2937 432 3020 partes
456 2956 516 2997 non
541 2939 608 3020 apte
630 2935 711 2998 inter
734 2957 766 2998 se
790 2933 956 2998 cohaerent.
1003 2935 1094 3006 Quod
1119 2957 1190 3000 con-

181 3052 264 3116 venit
295 3057 445 3115 commoto
476 3053 576 3116 auimo
607 3058 637 3116 et
666 3051 844 3136 loquacitati
877 3053 1007 3117 nutricis
1043 3053 1191 3119 indoctae.

226 3172 298 3234 750.
345 3169 489 3251 μκπρθθεν.
526 3170 632 3236 Potest
645 3171 831 3257 significare:
844 3170 880 3235 ab
892 3172 958 3257 ipso
970 3177 1102 3258 tempore
1112 3221 1119 3249 ‚
1130 3194 1191 3257 quo

181 3310 196 3351 e
220 3293 314 3352 matre
338 3289 465 3374 prodiit:
490 3287 633 3353 credibile
652 3293 751 3352 tamen
771 3295 832 3365 est,
845 3289 1072 3375 eandem,quae
1085 3293 1190 3355 nutrix

180 3407 283 3471 futura
302 3411 384 3485 erat,
404 3408 493 3471 etiam
516 3409 604 3471 matri
624 3407 655 3470 in
676 3407 820 3493 pariendo
844 3407 990 3486 adfuisse,
1014 3409 1189 3496 fungentem

181 3524 353 3589 obstetricis
376 3526 492 3602 officio,
516 3529 550 3590 ut
573 3525 670 3610 igitur
693 3547 794 3612 reapse
817 3549 833 3589 a
857 3531 951 3591 matre
975 3527 1132 3613 exceperit.

226 3649 298 3711 751.
344 3645 542 3724 κελευμάτων.
588 3646 640 3710 Sic
670 3645 749 3710 libri.
796 3645 859 3711 Alii
894 3646 1041 3712 dederunt
1071 3662 1189 3714 κελευσ-

181 3763 298 3842 ριθτων,
323 3765 487 3829 secundum
519 3763 707 3829 Victorium:
738 3766 865 3830 fortasse
897 3765 1020 3831 melius:
1049 3768 1100 3832 sad
1123 3789 1189 3854 par-

182 3887 301 3968 petuam
330 3905 394 3947 esse
422 3885 452 3946 in
477 3881 534 3946 hae
553 3905 626 3948 voce
646 3883 814 3970 scripturae
831 3884 1067 3948 inconstantiam
1088 3907 1188 3949 mone·

182 4023 248 4066 mur
269 4003 301 4064 in
323 3999 478 4066 Thesauro
499 4001 638 4088 Linguae
651 4002 789 4066 Graecae.
813 4003 1032 4089 significantur
1046 4002 1189 4068 clamores

182 4120 370 4205 postulantes
394 4119 508 4204 aliquid
533 4126 562 4184 et
584 4121 669 4206 quasi
688 4122 877 4208 imperantes.
909 4121 1000 4209 Apud
1021 4121 1092 4186 Eur.
1113 4121 1188 4185 Heu.

184 4243 245 4307 910
270 4263 304 4305 ea
328 4263 384 4305 vox
409 4245 442 4304 in
466 4240 577 4327 glossis
600 4242 761 4327 exponitur
784 4241 839 4320 {iol
863 4247 892 4306 et
914 4243 1036 4323 κραυγή.
