2972 4974
332 467 390 527 loc
739 485 936 531 ANNOTATIO.

327 682 413 739 λονος
436 673 466 732 et
487 665 563 731 λίθον
594 667 625 730 in
656 666 771 732 Tabula
794 669 830 732 Π
860 691 942 734 nam.
968 674 995 734 6.
1042 668 1161 742 Quodsi
1189 692 1261 756 ergo
1284 691 1337 758 pro

326 785 415 859 δήπου
433 784 481 850 τὸν
501 783 613 850 lectum
635 786 695 851 fuit
713 785 798 861 δήλου
818 785 881 866 τὸν,
904 785 992 852 lacile
1009 809 1046 852 ex
1066 811 1100 852 eo
1119 809 1220 854 errore
1239 811 1337 852 ernen-

328 904 410 969 datio
440 904 515 968 falsa
545 903 578 976 dl
610 909 734 970 πλοῦτον
765 904 838 970 oriri
861 905 981 992 potuit:
1016 911 1046 970 et
1069 907 1196 995 simplex
1220 906 1339 972 lambda

328 1043 381 1109 pro
406 1021 522 1109 duplici
547 1029 576 1087 et
600 1023 759 1088 contrairi
784 1023 820 1088 M
844 1026 978 1090 occurrit
1002 1027 1064 1090 779
1089 1031 1120 1090 et
1140 1029 1213 1092 780.
1260 1027 1338 1090 Turn

327 1142 490 1218 nimirum,
531 1162 623 1225 quum
658 1141 840 1229 supplicium
878 1143 961 1208 Deus
988 1145 1145 1222 sumserit,
1179 1167 1236 1209 nos
1271 1145 1339 1208 urit

327 1265 424 1324 temus
458 1259 598 1338 modum,
633 1281 729 1345 neque
762 1283 797 1326 eo
828 1261 955 1348 amplius
986 1269 1122 1340 utemur,
1155 1285 1215 1348 quc
1241 1261 1339 1328 adhuc

329 1399 398 1442 usae
420 1400 539 1457 sumus,
570 1378 668 1463 qualis
698 1380 925 1444 incantatorum
948 1401 1012 1445 esse
1034 1380 1112 1446 solet
1133 1381 1165 1444 in
1189 1380 1338 1467 expiando

327 1498 412 1561 etin
436 1495 523 1562 malis
547 1496 759 1584 deprecandis:
794 1519 881 1582 quem
914 1499 1003 1564 etiarn
1027 1521 1084 1564 uos
1107 1500 1235 1564 feminae
1258 1520 1339 1564 com-

327 1616 459 1680 muniter
488 1614 637 1702 pulsando
667 1614 862 1682 adhibuimus
894 1617 930 1680 ad
961 1616 1040 1682 hanc
1073 1618 1251 1704 expiandam
1287 1619 1339 1682 do-

328 1755 424 1810 mum,
458 1755 606 1818 quemque
640 1756 656 1797 a
690 1733 778 1800 nobis
813 1741 923 1800 eventu
955 1735 1035 1800 felici
1067 1737 1246 1800 institutum
1276 1759 1340 1800 esse

328 1851 489 1940 apparebit.
535 1853 595 1919 Sed
625 1859 689 1918 tum
721 1876 756 1918 eo
786 1877 846 1918 non
877 1855 1005 1941 arnplius
1036 1878 1111 1943 opus
1135 1856 1209 1931 erit,
1245 1878 1338 1941 quum

327 1994 374 2038 res
392 1974 523 2060 perlecta
541 1973 608 2040 erit.
644 1973 858 2055 Οὐρνοντοίνοιν,
873 1974 1051 2039 scholiasta:
1071 1973 1164 2057 οὐρΙως
1182 1975 1337 2040 σταθέντα.

373 2095 446 2155 824»
491 2090 566 2157 τάδ’.
613 2092 665 2156 Sic
688 2093 716 2157 G
739 2100 770 2158 et
793 2093 829 2157 R.
874 2093 913 2157 ln
938 2091 973 2156 M
997 2098 1043 2158 est
1065 2093 1106 2159 τὰ
1128 2094 1162 2159 δ’.

374 2213 449 2276 82⁷.
497 2207 573 2276 ὅταν.
620 2211 659 2274 In
681 2211 717 2275 M
739 2208 780 2276 ὅτ’
803 2209 849 2277 ἂν.

372 2333 445 2396 887.
491 2330 530 2408 μέ
545 2351 574 2401 ος
597 2329 694 2411 ἔργων.
739 2330 833 2395 Vices
858 2329 1033 2396 certaminis
1057 2332 1241 2418 perficiendi.

373 2451 445 2512 828,
494 2447 600 2514 Dativi
624 2448 696 2529 ἔργῳ
719 2453 749 2513 et
771 2449 887 2532 dcccdccc
909 2449 1041 2536 pendent
1065 2448 1102 2513 ab
1126 2449 1272 2529 ἐποοΰοοοι,
1295 2451 1339 2516 al-

329 2571 374 2631 ter
396 2567 424 2630 vi
444 2568 693 2654 praepositionis,
716 2567 791 2632 alter
806 2568 836 2632 vi
853 2568 952 2633 verbi:
975 2569 1008 2632 in
1024 2570 1139 2652 θροούσᾳ
1153 2570 1341 2656 intelligitur

328 2685 416 2767 μητρί
427 2710 433 2750 :
468 2685 563 2751 τέκνον
586 2690 632 2751 est
655 2687 831 2766 vocativus,
861 2686 993 2774 pendens
1018 2711 1033 2751 a
1057 2688 1179 2772 θροούσᾳ.
1224 2689 1340 2770 Ποντρὸς

327 2804 407 2885 ἔργον
431 2808 477 2870 est
500 2827 576 2891 opas
599 2810 722 2892 propter
740 2810 852 2893 patrem
874 2806 1105 2893 perficiendum,
1128 2807 1223 2894 patris
1244 2806 1339 2872 ultio:

208 2976 210 2980 .
328 2923 469 2988 similiter
491 2930 541 2990 τοῦ
565 2924 674 3004 πατρὸς
697 2924 763 2997 τοὺς
787 2924 892 2997 οἰτίονς
916 2927 988 2991 273.
1023 2925 1153 2997 Quando
1176 2925 1214 2989 ad
1238 2927 1341 3012 ipsum

330 3045 503 3110 certaminis
526 3067 602 3131 opus
625 3046 811 3132 perveneris,
833 3045 859 3108 si
883 3043 919 3108 ad
942 3050 974 3109 te
996 3049 1062 3110 tum
1084 3050 1138 3110 tua
1161 3049 1256 3110 mater
1279 3044 1341 3109 ela-

326 3162 439 3230 mabit:
474 3165 513 3226 mi
546 3163 609 3228 fili:
644 3171 709 3228 tum
736 3167 770 3228 tu
794 3165 826 3228 in
850 3167 934 3251 patre
958 3163 1133 3228 ulciscendo
1158 3168 1265 3229 contra
1287 3162 1338 3228 illi

328 3305 452 3370 reponas
483 3305 586 3349 vocem
610 3284 721 3370 putris,
743 3285 762 3347 i.
786 3305 810 3347 e.
833 3305 891 3368 qua
922 3287 1006 3370 pater
1029 3289 1060 3346 te
1084 3282 1179 3347 filium
1205 3282 1340 3370 compel-

327 3403 402 3467 laret
425 3403 532 3468 melius
555 3409 585 3467 et
608 3403 723 3490 potiore
742 3403 817 3488 jure.
865 3403 944 3467 Nam
975 3403 1052 3492 οὐδᾶο
1074 3401 1183 3483 πατρὸς
1207 3423 1268 3465 non
1292 3408 1342 3466 est

327 3543 434 3586 nomen
459 3522 569 3610 patris,
597 3543 658 3607 quo
681 3521 734 3586 ille
757 3522 1002 3610 compellaretur,
1032 3521 1083 3586 sed
1107 3543 1182 3600 vor,
1204 3543 1264 3607 qua
1286 3521 1342 3586 ille

327 3641 527 3729 compellaret.

371 3763 445 3826 830.
491 3759 666 3843 ἐπίμοροφον.
701 3761 751 3825 Sic
764 3759 960 3826 Robortellus
976 3766 1006 3825 et
1022 3759 1190 3825 Turnebus.
1224 3759 1259 3823 M
1275 3759 1340 3824 ἐπί-

325 3886 461 3964 ροοροφοον.
507 3880 563 3944 llst
594 3885 692 3945 autem
726 3879 894 3962 ἐντίμοροφος
921 3878 983 3944 οἶτον
1005 3899 1143 3964 praesens
1166 3880 1339 3966 ignominia

327 4006 358 4063 et
382 3999 552 4077 calamitas,
584 4023 653 4064 cum
684 3999 791 4066 exsilio
822 4007 851 4064 et
882 3998 1059 4086 expulsione
1093 3998 1238 4064 bonorum
1264 4020 1339 4063 con-

321 4120 438 4204 juncta.

370 4242 443 4305 831.
489 4238 574 4304 Libri
598 4264 639 4305 τε.
687 4240 725 4304 In
751 4238 838 4303 Met
865 4239 893 4304 G
917 4237 1052 4322 φρεοοὶν,
1086 4237 1283 4306 Rcbcrtellus
1308 4243 1338 4307 et
