3030 4978
499 505 763 574 1111111111110
794 531 927 575 norrun.
1174 514 1213 577 57

207 711 359 798 nuptialia
382 709 515 798 paternis
537 733 573 775 ex
598 711 740 791 aedibus,
762 715 958 800 omniumque
980 715 1110 801 primum
1135 711 1218 776 huno

209 828 305 894 oolam
329 829 489 895 tumulum.

259 950 308 1013 Or.
354 948 492 1024 Oterra,
513 947 618 1012 emitte
632 947 707 1012 mihi
722 954 836 1035 patrem
855 954 889 1014 nt
907 971 1041 1036 pugnam
1061 949 1220 1035 adspiciat.

255 1067 308 1129 ul.
354 1065 603 1152 OProserpina,
627 1065 664 1130 da
688 1066 1017 1133 decoramviotoriam.
1233 1069 1297 1130 490

259 1186 308 1249 Or.
355 1184 510 1252 Memento
533 1184 663 1262 lavacri,
686 1186 718 1249 in
741 1207 802 1269 quo
827 1186 1006 1251 interfectus
1029 1209 1076 1262 es,
1099 1189 1191 1272 pater.

193 1355 194 1358 ,
256 1303 308 1368 El.
354 1303 507 1368 Memento
531 1301 646 1387 laquei,
669 1325 729 1388 quo
752 1309 783 1369 te
803 1305 1013 1372 advenientem
1029 1308 1222 1391 exceperunt.

258 1424 307 1487 Or.
354 1421 498 1487 Vinoulis
521 1423 588 1486 sine
611 1423 689 1487 lerro
713 1427 819 1510 captus
845 1445 893 1502 es,
916 1430 1008 1510 pater.

256 1541 309 1604 111.
354 1539 397 1605 Et
419 1541 452 1606 iu
475 1542 601 1606 structis
624 1543 756 1628 turpiter
778 1544 971 1628 tegumentis.

259 1660 309 1724 Or.
354 1661 404 1724 An
428 1660 572 1724 excitaris
594 1657 642 1724 his
666 1659 862 1747 ignominiis,
887 1661 996 1746 pater?

257 1777 310 1841 ul.
355 1779 406 1842 Au
430 1781 562 1842 ereetum
586 1777 703 1843 attollis
727 1783 818 1864 eaput
841 1783 927 1842 tuum
952 1777 1163 1843 carissimum?

262 1897 311 1962 Or.
357 1897 501 1960 Omitte
522 1896 591 1981 jus,
613 1897 694 1981 quod
721 1898 755 1961 in
779 1919 882 1984 pugna
904 1897 1027 1982 adjuvet
1049 1885 1223 1960 amioorio
1294 1936 1297 1940 -

212 2016 291 2080 refer
307 2015 415 2079 damna
432 2016 530 2101 paria,
551 2016 577 2079 si
598 2015 720 2100 quidem
736 2017 838 2081 victus
850 2017 981 2081 invicem
994 2018 1115 2082 vincere
1128 2015 1223 2101 cupio.

260 2134 312 2200 El.
358 2133 400 2199 Et
429 2133 508 2199 hono
538 2139 720 2220 postremem
751 2156 853 2199 vocem
887 2135 976 2212 audi,
997 2139 1095 2222 pater,
1118 2131 1299 2199 videns500

214 2253 270 2317 hos
293 2252 403 2318 liberos
425 2252 591 2318 assidentes
615 2253 773 2339 sepulcro:
797 2255 935 2320 miserere
952 2247 1051 2330 111111,
1073 2253 1225 2337 simulque

213 2372 309 2459 prolis
338 2371 505 2448 masculae,
536 2379 567 2436 et
590 2372 654 2437 noli
677 2372 775 2438 delere
798 2371 856 2436 hoo
880 2373 1091 2459 Pelopidarum
1115 2395 1223 2438 semen.

215 2491 267 2556 Sic
290 2491 427 2555 enimus
450 2494 587 2556 mortuus
611 2491 732 2576 quidem
756 2492 911 2556 interiisti.
947 2492 1027 2556 Nam
1050 2491 1137 2557 liberi
1158 2492 1224 2556 viro

215 2611 292 2674 111111
314 2609 456 2694 salusque
479 2616 552 2674 sont
574 2615 711 2687 mortuo,
736 2610 819 2675 volut
844 2609 965 2674 suberes
989 2615 1085 2696 agunt
1108 2614 1225 2690 rete,e

215 2728 367 2816 profundo
386 2735 538 2794 servantes
560 2728 721 2794 deductum
741 2729 799 2794 lini
816 2728 909 2794 filum.
943 2728 1046 2808 Audi,
1057 2734 1180 2814 propter
1194 2733 1225 2794 te

216 2845 271 2912 hae
301 2850 374 2911 sunt
404 2846 557 2932 querelae,
589 2851 618 2910 et
645 2847 710 2933 ipse
733 2847 878 2925 servaris,
902 2847 929 2912 si
951 2844 1034 2910 huno
1057 2868 1223 2912 sermonem

216 2963 355 3030 honoras.

266 3086 335 3148 Olo.
379 3085 421 3150 ut
444 3105 514 3148 vero
537 3083 620 3148 huno
641 3105 807 3148 sermonem
830 3081 1062 3170 reprehensione
1085 3081 1226 3166 mojorem
1239 3081 1302 3142 510

219 3204 416 3282 extendistis,
439 3205 713 3289 compensationem
733 3201 844 3268 tumuli
862 3204 954 3266 sortis
975 3201 1141 3266 indefletae.
1165 3201 1226 3266 Re-

219 3323 300 3409 liqua
329 3345 416 3400 vero,
445 3323 691 3408 quandoquidem
720 3321 759 3386 ud
789 3321 963 3386 faciendum
987 3325 1087 3386 mente
1110 3324 1228 3385 erectus

105 3471 108 3476 ·
219 3466 266 3521 or,
283 3444 346 3529 jam
368 3444 478 3530 perfice
500 3447 530 3508 et
553 3448 665 3508 sortem
687 3441 830 3528 experire

266 3564 315 3627 Or.
361 3561 462 3626 Erunt
495 3583 537 3626 ea.
579 3561 693 3625 Verum
724 3581 865 3644 quaerere
895 3581 958 3622 non
988 3560 1034 3622 est
1057 3556 1228 3621 alienuma

220 3682 393 3770 proposito,
425 3704 486 3767 qua
520 3702 609 3746 eausa
643 3701 742 3764 quove
773 3678 902 3743 oonsilio
926 3677 1069 3742 libamina
1093 3677 1229 3754 miserit,

221 3825 285 3868 sero
308 3801 459 3867 honorans
483 3800 597 3865 cladem
621 3798 829 3864 insanabilem.
875 3797 1001 3862 Mortuo
1023 3818 1081 3861 neo
1100 3797 1228 3882 spiranti

221 3923 321 3986 inanis
341 3921 438 4006 gratia
456 3921 549 3984 missa
567 3923 632 4002 est:
651 3941 712 3982 non
729 3939 852 4004 possum
864 3915 938 3980 haeo
950 3915 1122 4000 intelligere
1135 3913 1230 3992 dona,

222 4043 338 4106 minora
369 4045 442 4105 sunt
472 4044 603 4125 peccato.
650 4039 728 4102 Naro
766 4041 878 4101 ouuota
908 4036 935 4099 si
965 4037 1035 4120 quis
1065 4033 1230 4120 profundat
1242 4031 1304 4092 520

221 4183 275 4248 pro
298 4181 359 4226 uuo
382 4160 546 4243 sanguine,
569 4158 682 4223 frustra
705 4155 841 4219 laborat:
865 4155 910 4217 sio
933 4154 1011 4218 ratio
1034 4165 1088 4218 est.
1114 4152 1229 4218 Verum

221 4286 256 4346 tu
279 4277 371 4356 mihi,
393 4279 419 4344 si
442 4277 537 4354 nosti,
560 4275 634 4343 haee
658 4274 771 4341 volenti
795 4273 971 4342 narraveris.
