2974 4982
569 503 767 549 unnonsmo.
1106 486 1169 548 155

206 691 280 753 716.
325 687 412 765 Iam,
443 709 519 772 qnae
541 687 630 752 modo
662 687 852 753 amissionem
878 690 1042 754 amicorum
1066 685 1170 774 deplo-

159 811 293 884 raverat,
315 807 348 870 in
370 805 512 894 Aegisthi
532 828 631 871 amore
653 805 804 893 gloriatur
823 830 878 872 nec
896 829 928 872 se
946 807 1052 872 amicis
1071 827 1171 872 carere

157 926 280 1014 gaudet.
326 925 521 992 Vociferatur
544 931 643 992 autem
663 925 738 990 haec
760 930 829 1012 post
852 927 978 991 Orestae
1000 925 1125 992 abitum.

205 1049 278 1110 717.
323 1044 573 1123 βουλευσόμεσθα.
605 1044 725 1109 Pridem
742 1045 931 1109 emendatum
950 1067 1004 1131 pro
1023 1044 1169 1109 librorum

157 1165 311 1251 scriptura
332 1163 542 1242 βουλευόμεθα.
590 1165 737 1246 Euomeret
759 1162 789 1228 h.
805 1163 824 1228 1.
855 1186 917 1228 non
944 1163 1050 1228 malam
1074 1165 1171 1250 signi-

158 1284 331 1348 ficationem
354 1280 463 1348 habet:
486 1283 640 1349 interdum
663 1283 788 1361 bonam,
809 1287 845 1348 ut
869 1285 964 1348 1064.

205 1405 276 1467 719.
321 1400 430 1485 mineat.
475 1402 528 1466 Sic
553 1400 713 1466 Heathiua.
749 1399 908 1466 Turnebus
930 1399 1027 1483 φΙᾸαι.
1063 1399 1098 1465 Μ
1120 1407 1172 1478 Φι-

157 1520 235 1596 alcu,
259 1521 339 1606 quod
364 1521 524 1608 legendum
547 1525 594 1586 est
611 1519 715 1604 orric:
740 1521 777 1585 cf.
802 1524 865 1586 715
885 1526 1009 1605 atquae
1028 1519 1170 1584 annotavi

158 1640 196 1704 ad
219 1643 303 1703 492:
335 1639 493 1723 Θφιλία,
524 1639 662 1724 idemque
686 1639 731 1716 It,
754 1639 806 1704 sed
829 1660 897 1703 cum
923 1637 1171 1725 praecedentibus

158 1759 356 1842 conjunctum
380 1757 439 1823 hoc
460 1758 566 1823 modo:
589 1759 612 1822 εἰ
635 1755 762 1840 inmunia.
809 1755 994 1821 Klausenius
1017 1754 1112 1838 Φιλίᾳ.

203 1880 276 1942 721.
321 1874 377 1940 ἐπ’.
422 1877 461 1939 In
483 1876 564 1940 votis
586 1898 641 1962 pro
662 1876 771 1941 Oreste
790 1874 947 1940 iaciendis.
994 1873 1041 1937 of.
1061 1871 1172 1937 Aesch.

157 1995 230 2081 Sup.
256 1998 319 2058 625

468 2109 600 2189 λέξωμεν
623 2109 669 2176 ἐπ’
692 2110 831 2192 Ἀργείοις

357 2229 453 2310 εὐχὰς
476 2227 606 2307 ἀγαθάς.

204 2351 277 2412 722.
322 2348 409 2429 χθὼν.
457 2348 560 2414 Possis
586 2348 761 2434 intelligere
783 2349 926 2434 patriam,
949 2353 985 2412 ut
1008 2350 1090 2412 540:
1120 2346 1172 2410 sed

159 2470 288 2552 praestat
310 2468 404 2558 ipsam
430 2468 553 2534 Terram
577 2467 765 2554 intelligere,
799 2473 835 2531 ut
861 2469 921 2533 127
946 2475 1039 2544 ναῖαν
1062 2466 1172 2541 αὐτὴν,

160 2589 190 2650 et
213 2586 295 2651 Pers.
320 2590 384 2650 629

514 2712 557 2780 Γῆ
578 2729 612 2770 τε
634 2704 684 2770 καὶ
707 2708 808 2786 Ἑρμῆ.

203 2827 276 2890 726.
321 2824 426 2890 Heldo.
459 2824 605 2902 Suadam,
626 2822 688 2888 11.1.
715 2847 792 2910 qnae
806 2822 908 2889 hostes
924 2846 941 2888 a
957 2821 1085 2910 periculi
1101 2845 1172 2887 oan-

159 2944 241 3008 tione
260 2947 391 3022 avertat,
414 2966 507 3028 quum
526 2943 632 3008 caedes
649 2944 720 3008 dolo
737 2943 918 3030 perficienda
935 2948 1028 3009 esset:
1048 2944 1086 3006 cs.
1099 2947 1172 3006 556.

203 3068 276 3130 726.
322 3060 426 3127 δολίαν.
473 3062 561 3127 Libri
593 3060 657 3128 δολί
679 3112 685 3126 .
732 3064 805 3128 Non
838 3060 975 3128 dubitavi
1006 3060 1084 3126 hanc
1107 3085 1173 3126 mn-

156 3184 302 3248 tationem
322 3184 469 3268 recipere:
492 3181 636 3248 nonnulli
656 3185 783 3247 tuentur
806 3183 986 3268 scripturam
1009 3181 1173 3257 librorum,

156 3301 205 3366 sed
230 3324 294 3366 non
316 3300 380 3366 vidi
405 3300 592 3366 commodam
616 3302 905 3388 interpretationem.

202 3423 275 3486 727.
321 3418 562 3498 ξυγκαταβῆναι.
609 3419 681 3483 Una
709 3443 776 3485 oum
802 3418 910 3484 Oreste
935 3419 1112 3484 descendere
1136 3419 1173 3484 ad

155 3543 315 3605 certamen.
360 3538 488 3602 Suidas:
512 3535 708 3616 καταβαίνειν
731 3539 765 3603 τὸ
788 3540 828 3611 εἰς
850 3540 954 3615 αχῶνα
975 3544 1087 3619 χωρεῖν.
1126 3537 1173 3601 of.

156 3655 298 3746 Xenoph.
321 3657 419 3722 Anab.
445 3657 481 3721 L.
504 3658 553 3721 IV
580 3657 615 3724 Ο.
639 3658 724 3722 VIII
748 3662 806 3735 27,
837 3658 926 3722 Plato
949 3658 985 3722 de
1006 3657 1064 3744 leg.
1088 3656 1173 3720 VHI

156 3781 222 3842 834
244 3776 279 3840 0.

202 3899 274 3961 727.
319 3894 429 3974 χθόνιον
459 3893 483 3959 δ’
515 3897 625 3977 Ἑρμῆν
657 3895 708 3960 καὶ
738 3895 787 3960 τὸν
817 3895 920 3975 νύχιον.
968 3896 1063 3960 Recte
1095 3895 1174 3960 Her-

158 4037 285 4080 mannus
319 4016 439 4079 confert
479 4014 571 4101 Soph.
608 4015 682 4079 Oed.
718 4014 784 4079 Col.
816 4018 902 4080 1558
933 4013 1068 4095 ε’νννχίων
1097 4011 1175 4090 ἄναξ

157 4135 306 4210 ‘Asnaum
337 4139 368 4200 ct
399 4133 508 4198 Γ1111011.
547 4136 608 4198 501
635 4134 683 4200 τὸν
706 4133 822 4215 ἔννυχον
842 4134 962 4199 ’Άιδανε
987 4137 1068 4198 certe
1091 4133 1173 4197 Mer-

159 4254 261 4324 curius
290 4254 429 4323 infernus
460 4257 505 4320 est
532 4254 613 4319 idem
636 4255 689 4346 qui
713 4259 901 4332 nectamus,
925 4251 1069 4347 epithetis
1092 4253 1173 4325 inter
