2974 4982
517 507 719 554 annonario.
1077 487 1121 562 99

161 692 228 754 180.
271 687 390 770 septus
412 686 535 764 stuta.
580 687 707 754 Confert
729 685 883 770 Stanlajus
905 684 1005 752 Prone.
1027 685 1100 748 388.

161 811 228 874 281.
273 807 371 891 φύσιν.
416 807 616 893 Significatur
640 827 751 892 corpus
775 809 806 870 et
829 805 892 888 ejus
915 801 1056 868 habitus:
1086 802 1124 868 af.

123 923 214 1012 llurip.
238 927 291 992 Or.
317 927 391 989 lau.

160 1048 227 1110 282.
270 1044 391 1116 λενκοὶς.
436 1042 600 1129 Duplieem
620 1041 855 1129 explicationem
873 1040 1016 1128 proponit
1035 1037 1123 1104 scho-

123 1159 215 1240 liasta,
246 1169 300 1226 ant
331 1167 368 1228 ut
402 1161 557 1226 calamitas
587 1165 707 1226 maneat
730 1160 768 1226 ad
790 1163 994 1236 senectutem,
1017 1163 1069 1223 aut
1091 1162 1126 1224 ut

123 1285 181 1346 ante
202 1286 389 1350 senectutem
415 1282 477 1366 jam
501 1281 623 1346 morbus
647 1281 789 1346 canitiem
812 1280 940 1346 efficiat:
974 1278 1125 1366 posterius

123 1421 211 1466 rerum
235 1406 291 1466 est.

159 1521 228 1584 283.
275 1516 375 1590 ἄλλοις
399 1541 433 1584 τε
454 1523 554 1602 Φανοῖ.
601 1519 653 1584 sie
677 1517 764 1594 libri,
786 1520 931 1602 quantum
955 1516 1028 1582 scio.
1059 1514 1123 1583 Alii

123 1631 211 1710 ἄλλως
233 1635 260 1702 τ’
284 1636 397 1720 ἐφώνει.

160 1760 230 1822 285.
278 1758 393 1837 ὁρῶντα.
441 1755 650 1824 Difficiliorem
681 1753 733 1820 hie
758 1777 864 1820 versus
893 1753 1124 1840 explicationem

118 1869 210 1940 hebet.
241 1874 512 1942 Minimeabsurde
525 1873 1009 1958 Dindortiuseum‚idquodjam
1019 1871 1125 1938 Blom-

123 1989 220 2062 fieldus
240 1995 413 2080 suspicatus
432 1993 530 2060 tuerat
548 1992 721 2058 faciendum
743 2015 823 2072 esse,
845 1992 1033 2080 transposuit
1056 1997 1125 2080 post

122 2127 230 2176 versum
260 2111 311 2177 καὶ·
342 2111 450 2178 λύσσα.
496 2111 611 2178 Verum
642 2110 841 2177 Blomfieldus
865 2115 966 2176 tamen
989 2110 1125 2174 ordinem

125 2229 258 2307 retinuit,
292 2235 323 2295 et
356 2230 394 2295 ab
426 2231 534 2314 ὁρῶντα
566 2229 694 2316 pendere
727 2230 884 2294 existimat
918 2229 1125 2294 accusativum

122 2347 293 2428 προσβολὰς,
316 2349 474 2414 conferens
494 2348 622 2414 Flumen.
643 2351 715 2413 104.
750 2348 797 2414 uf.
814 2347 903 2412 etiarn
924 2346 1017 2426 chae.
1030 2349 1127 2412 1061.

122 2460 199 2530 Idem
228 2469 388 2555 proposuit
418 2474 454 2533 ut
484 2468 603 2555 legatur
625 2466 762 2550 λαμπρόν
784 2465 827 2545 μ’.
875 2467 992 2532 Verum
1015 2487 1126 2552 prono·
1227 2473 1230 2478 '

122 2582 194 2648 nine
216 2609 276 2652 non
300 2608 377 2674 opus
396 2610 460 2652 esse
479 2587 584 2666 eredo,
606 2591 637 2651 et
656 2587 824 2652 orationem
845 2585 1045 2672 copulandam
1061 2607 1126 2649 esse

123 2719 183 2766 cum
212 2705 374 2792 participio
406 2728 448 2770 rs.
473 2709 555 2784 277,
584 2703 673 2770 τίσεον
703 2703 736 2784 ρι’
759 2702 889 2785 ἔχονται
924 2726 996 2790 ergo
1019 2704 1126 2785 ὁρῶντα

123 2821 259 2900 pertinere
282 2823 320 2888 ad
344 2823 491 2889 Orestem.
525 2821 670 2904 Λαμπρὸν
687 2823 898 2890 adverbialiter
916 2824 1050 2910 positum
1072 2827 1126 2889 est.

124 2933 273 3022 Objectum
297 2963 368 3008 vero
393 2940 474 3006 verbi
495 2941 610 3023 ὁρῶντα
623 2947 669 3008 est
688 2941 824 3024 πατέρα,
848 2966 864 3008 e
886 2947 953 3006 tota
976 2943 1127 3017 oratione,

124 3059 241 3126 maxime
275 3083 345 3126 vero
380 3083 417 3126 ex
442 3063 505 3126 273
541 3061 724 3144 τοῦπατρὸς
758 3070 788 3126 et
822 3085 859 3126 ex
891 3063 956 3124 284
987 3057 1126 3141 πατρῴων

126 3171 247 3250 αἱμάτων
284 3178 375 3243 facile
408 3177 652 3264 intelligendum.
697 3179 747 3246 Ad
781 3178 841 3244 hoe
874 3185 976 3245 autem
1011 3175 1127 3258 πατέρα

124 3295 243 3372 pertinet
266 3297 393 3376 νωμῶντ’
416 3298 522 3383 ὀφρύν,
554 3299 665 3383 quibus
695 3298 795 3364 verbis
822 3300 867 3363 ira
889 3291 984 3384 patris
1008 3298 1128 3384 signifi-

126 3413 201 3478 cetur
223 3417 310 3483 vultu
333 3439 480 3504 expressa.

164 3533 230 3600 287.
276 3535 446 3620 Starrlejus,
487 3537 513 3600 si
548 3558 616 3602 eum
651 3539 733 3600 recte
765 3534 926 3622 intelligo,
961 3535 1124 3622 conjungit

127 3655 309 3721 πεπτωκότων
340 3677 408 3720 cum
440 3653 599 3737 ἐνερτέρων,
621 3655 654 3720 ἐκ
680 3655 894 3736 προστροπαίων
916 3655 959 3719 ita
984 3677 1051 3719 cum
1076 3678 1128 3718 πε-

126 3771 280 3851 πτωκότων,
316 3779 350 3838 ut
380 3775 572 3860 significetur
603 3774 657 3838 ὑπὸ
689 3774 920 3856 προστροπαίων,
941 3774 1126 3850 inferorum,

125 3887 283 3960 quintana
306 3892 502 3958 scelestorum
532 3893 726 3961 cecideruut:
761 3894 935 3958 tundente
957 3893 1033 3969 νένω
1058 3913 1127 3956 eum

124 4010 340 4088 tempesta,
375 4012 395 4076 i.
416 4033 440 4074 a.
473 4010 685 4093 προστροπαίων
716 4015 875 4094 σνννενῷν.
923 4011 961 4078 Οἱ
992 4012 1021 4076 ἐν
1051 4010 1128 4087 γένει

123 4125 193 4187 reue
216 4129 253 4196 ab
276 4153 312 4196 eo
334 4130 527 4217 explicantur
545 4136 717 4208 συγγενεῖς,
741 4131 914 4197 conterente
937 4127 1029 4216 Soph.
1053 4130 1128 4194 Oed.

124 4227 184 4320 Tyr·
209 4251 315 4329 1016,
337 4255 367 4314 et
390 4248 494 4336 Eurip.
514 4248 667 4313 alento.
712 4247 754 4312 Et
778 4247 983 4331 προστρόπανος
1006 4247 1126 4332 quidem

969 4364 1010 4427 ρο
