2956 4974
709 544 918 600 ΑΙΣΧΥΛΟΥ

422 735 631 816 ἀνεπτερώθης,
655 736 784 810 καῖδθκεις
808 737 874 820 θρρῖν
897 737 966 816 ἐμέ,

419 868 633 950 ἰχνοσκοποῦσά
653 873 681 935 τ’
705 872 734 934 ἐν
757 869 882 948 στίβοισι
906 877 965 944 τοῖς
988 871 1077 949 ἐμοῖς.

422 1011 532 1077 σαυτής
555 1001 687 1084 ἀδελφοῦ
710 1000 875 1084 ξυμμέτρου
897 1005 938 1084 τῷ
960 1005 1001 1084 σῷ
1023 1003 1100 1086 κνίρα

421 1132 529 1212 σκέψαι
551 1141 627 1214 τομή
650 1132 804 1212 προσθεῖσα
826 1131 990 1214 βόστρυχον
1012 1133 1130 1214 τριχίς·

422 1266 478 1330 ίδοῦ
500 1264 524 1328 δ’
547 1262 679 1346 θφασμα
701 1270 801 1341 τοῦτο,
826 1273 878 1339 σῆς
902 1264 982 1344 ἔργον
1005 1267 1106 1348 χερὸς,

408 1396 534 1473 ’σποίθης
556 1422 589 1461 τε
613 1396 754 1474 πληγθις,
778 1398 818 1470 είς
841 1397 870 1463 δὲ
893 1398 993 1478 θήρειον
1016 1399 1146 1482 γραφήν.

419 1531 492 1596 ἔνδον
514 1534 614 1606 γενοῦ,
637 1536 721 1613 χαρᾷ
744 1529 773 1594 δὲ
795 1531 838 1607 μή
861 1528 1012 1613 ’κτλαγής
1040 1532 1164 1614 φρένας·

417 1666 484 1738 τοὺς
505 1664 669 1748 φιλτοίτονς
691 1665 750 1745 γθιρ
773 1660 837 1730 οίδα
860 1666 911 1747 νῷν
933 1664 1018 1738 ὄντας
1041 1667 1165 1748 πικροθς.

313 1809 377 1865 ΗΛ.
424 1795 445 1864 ὦ
467 1798 614 1881 φίλτατον
636 1799 761 1878 μέλημα
782 1798 910 1876 δείμασιν
933 1797 1056 1881 πατρὸς,

422 1931 558 2013 δακρυτδς
584 1932 668 2004 ἐλπίς
690 1932 857 2013 σπέρματος
880 1931 1028 2014 σωτηρίου,

421 2069 500 2148 οίλκή
524 2067 661 2139 πεποιθὼς
685 2063 755 2143 δῶμ’
778 2067 935 2141 οίνακτήσει
958 2066 1078 2148 πατρθ.

420 2195 441 2262 ὦ
465 2197 583 2281 τερπνὸν
605 2196 690 2277 θμμα
711 2199 856 2280 τέσσαρας
879 2199 980 2280 μοίρας
1003 2197 1073 2279 ἔχον

420 2330 499 2408 ε’μοί·
532 2330 737 2414 προσανδρῖνδ
760 2328 821 2396 ἔστ’
843 2331 1012 2407 οίναγκαίυς
1036 2331 1103 2412 ἔχον

422 2461 551 2545 πατέρα,
573 2488 607 2528 τε
629 2462 679 2527 καί
701 2462 734 2529 τὸ
756 2461 863 2543 μητρὸς
886 2464 915 2535 ἐς
938 2463 971 2528 σέ
994 2487 1041 2539 μοι
1069 2463 1147 2545 ῥέπει

421 2596 605 2676 στέργηθρον·
641 2599 658 2672 ή
683 2595 713 2659 δὲ
736 2595 879 2668 πανδίκως
906 2595 1090 2676 ἐχθαίρεται·
1170 2576 1179 2600 ⁸

422 2729 470 2795 καί
494 2737 547 2804 τῆς
570 2726 700 2804 τυθείσης
723 2733 828 2804 νηλεῶς
851 2727 1022 2809 ὁμοσπόρου·

420 2862 521 2935 πιστδς
540 2859 564 2926 δ’
586 2861 717 2943 οὶδελφδς
741 2859 811 2938 ἦσθ’,
836 2862 898 2940 ἐμοὶ
921 2863 1015 2940 σε’βας
1039 2863 1148 2945 φέρυν·

419 2996 502 3076 μόνον
525 2994 635 3078 Κροίτος
658 3021 691 3061 τε
714 2995 763 3060 καί
788 2995 862 3070 Δίκη
886 2993 937 3071 ξὺν
959 2997 1000 3076 τῷ
1022 2995 1107 3077 τρίτιρ

420 3127 536 3196 ποίντυν
560 3129 693 3210 μεγίστῳ
716 3130 784 3205 Ζηνί
807 3128 978 3207 συγγένοιτό
1000 3153 1057 3206 μοι.

361 3315 367 3329 .
418 3269 492 3339 Ζεῦ,
516 3269 591 3339 Ζεῦ,
615 3262 711 3343 θεωρὸς
735 3262 821 3327 τῶνδε
844 3261 1032 3343 πραγμοίτιον
1054 3268 1157 3341 γενοῦ·

418 3396 475 3461 ίδοῦ
499 3395 529 3459 δὲ
551 3393 655 3473 γένναν
678 3391 749 3460 εὖνιν
773 3396 870 3460 αἰετοῦ
893 3394 1020 3476 πατρὸς,

419 3528 550 3600 θανόντος
573 3531 602 3594 ἐν
626 3535 783 3593 πλεκταῖσι
806 3525 857 3592 καί
880 3525 1058 3610 σπειροίμασι

419 3663 508 3737 δεινής
530 3661 653 3742 ἐχίδνης.
688 3663 753 3735 τοὺς
773 3659 797 3725 δ’
819 3659 1095 3744 ἀπωρφανισμένους

419 3802 514 3869 νῆστις
538 3794 626 3876 πιέζει
649 3795 753 3875 λιμός·
788 3798 819 3860 οὐ
843 3795 902 3876 γαρ
925 3796 1041 3869 ε’ντελης
1065 3825 1067 3828 ·

419 3930 503 4009 θήραν
527 3929 664 4012 πατρῴαν
687 3929 854 4011 προσφέρειν
877 3929 1066 4007 σκηνήμασιν.

418 4061 488 4128 οὕτω
512 4062 541 4126 δὲ
563 4063 641 4141 κοίμὲ
664 4063 747 4140 τήνδε
770 4060 807 4138 τ’,
832 4061 993 4142 Ἠλέκτραν
1015 4064 1109 4142 λέγω,

417 4196 483 4261 ίδείν
506 4195 631 4276 ποίρεστί
652 4221 711 4273 σοι,
737 4205 917 4278 πατροστερῆ
941 4197 1041 4274 γθνον,

419 4326 512 4412 σίμφιο
535 4325 636 4412 φυγήν
659 4328 762 4411 ἔχοντε
783 4331 835 4405 τήν
859 4330 950 4405 αὐτήν
973 4331 1074 4410 δίμαν.
