<?xml version="1.0" encoding="UTF-8"?>
<!DOCTYPE html PUBLIC "-//W3C//DTD XHTML 1.0 Transitional//EN"
    "http://www.w3.org/TR/xhtml1/DTD/xhtml1-transitional.dtd">
<html xmlns="http://www.w3.org/1999/xhtml" xml:lang="en" lang="en">
 <head>
  <title>
</title>
<meta http-equiv="Content-Type" content="text/html;charset=utf-8" />
  <meta name='ocr-system' content='tesseract 3.04.00' />
  <meta name='ocr-capabilities' content='ocr_page ocr_carea ocr_par ocr_line ocrx_word'/>
</head>
<body>
  <div class='ocr_page' id='page_1' title='image "aeschylichoepho00jonggoog_0156.png"; bbox 0 0 2972 4974; ppageno 0'>
   <div class='ocr_carea' id='block_1_1' title="bbox 347 484 947 547">
    <p class='ocr_par' dir='ltr' id='par_1_1' title="bbox 347 484 947 547">
     <span class='ocr_line' id='line_1_1' title="bbox 347 484 947 547; baseline -0.003 -1"><span class='ocrx_word' id='word_1_1' title='bbox 347 484 410 546; x_wconf 77' lang='lat'><strong>144</strong></span> <span class='ocrx_word' id='word_1_2' title='bbox 519 523 524 532; x_wconf 89' lang='lat'>·</span> <span class='ocrx_word' id='word_1_3' title='bbox 748 499 947 547; x_wconf 75' lang='lat' dir='ltr'><strong>arnoramo.</strong></span> 
     </span>
    </p>
   </div>
   <div class='ocr_carea' id='block_1_2' title="bbox 343 681 1353 2192">
    <p class='ocr_par' dir='ltr' id='par_1_2' title="bbox 389 681 1141 765">
     <span class='ocr_line' id='line_1_2' title="bbox 389 681 1141 765; baseline -0.003 -19"><span class='ocrx_word' id='word_1_4' title='bbox 389 685 463 747; x_wconf 90' lang='grc'><strong>616.</strong></span> <span class='ocrx_word' id='word_1_5' title='bbox 506 686 598 765; x_wconf 79' lang='grc' dir='ltr'><strong>φῶτα</strong></span> <span class='ocrx_word' id='word_1_6' title='bbox 616 681 710 764; x_wconf 77' lang='grc' dir='ltr'><em>Φίλαν.</em></span> <span class='ocrx_word' id='word_1_7' title='bbox 755 681 803 746; x_wconf 82' lang='lat' dir='ltr'><strong>Gi.</strong></span> <span class='ocrx_word' id='word_1_8' title='bbox 826 681 984 746; x_wconf 75' lang='lat' dir='ltr'><strong>annotatio</strong></span> <span class='ocrx_word' id='word_1_9' title='bbox 1007 681 1044 745; x_wconf 93' lang='lat' dir='ltr'><strong>ad</strong></span> <span class='ocrx_word' id='word_1_10' title='bbox 1069 684 1141 746; x_wconf 78' lang='lat'><strong>234.</strong></span> 
     </span>
    </p>

    <p class='ocr_par' dir='ltr' id='par_1_3' title="bbox 345 799 1349 1006">
     <span class='ocr_line' id='line_1_3' title="bbox 389 799 1349 877; baseline 0.001 -14"><span class='ocrx_word' id='word_1_11' title='bbox 389 803 462 864; x_wconf 83' lang='lat'><strong>618.</strong></span> <span class='ocrx_word' id='word_1_12' title='bbox 508 800 665 876; x_wconf 71' lang='grc' dir='ltr'><em>πιθήσασα.</em></span> <span class='ocrx_word' id='word_1_13' title='bbox 713 801 799 866; x_wconf 88' lang='lat' dir='ltr'>Libri</span> <span class='ocrx_word' id='word_1_14' title='bbox 838 801 1018 877; x_wconf 72' lang='grc' dir='ltr'><em>πενίήαασαι</em></span> <span class='ocrx_word' id='word_1_15' title='bbox 1053 799 1225 865; x_wconf 75' lang='lat' dir='ltr'><strong>emendavit</strong></span> <span class='ocrx_word' id='word_1_16' title='bbox 1258 799 1349 865; x_wconf 77' lang='lat' dir='ltr'><strong>Abre-</strong></span> 
     </span>
     <span class='ocr_line' id='line_1_4' title="bbox 345 917 1243 1006; baseline 0.001 -24"><span class='ocrx_word' id='word_1_17' title='bbox 345 917 457 983; x_wconf 83' lang='lat' dir='ltr'><strong>achius.</strong></span> <span class='ocrx_word' id='word_1_18' title='bbox 501 918 673 1006; x_wconf 80' lang='lat' dir='ltr'><strong>Weigelius</strong></span> <span class='ocrx_word' id='word_1_19' title='bbox 701 920 869 985; x_wconf 81' lang='lat' dir='ltr'><strong>secuudum</strong></span> <span class='ocrx_word' id='word_1_20' title='bbox 894 918 1061 984; x_wconf 88' lang='lat' dir='ltr'><strong>Heathinm</strong></span> <span class='ocrx_word' id='word_1_21' title='bbox 1084 919 1243 984; x_wconf 77' lang='grc' dir='ltr'><em>πεισθεῖσα.</em></span> 
     </span>
    </p>

    <p class='ocr_par' dir='ltr' id='par_1_4' title="bbox 343 1037 1353 1717">
     <span class='ocr_line' id='line_1_5' title="bbox 390 1037 1350 1126; baseline 0.002 -24"><span class='ocrx_word' id='word_1_22' title='bbox 390 1042 462 1102; x_wconf 90' lang='grc'><strong>620.</strong></span> <span class='ocrx_word' id='word_1_23' title='bbox 508 1037 613 1117; x_wconf 82' lang='lat' dir='ltr'>Libri,</span> <span class='ocrx_word' id='word_1_24' title='bbox 646 1045 764 1126; x_wconf 87' lang='lat' dir='ltr'><strong>praeter</strong></span> <span class='ocrx_word' id='word_1_25' title='bbox 791 1039 822 1103; x_wconf 79' lang='lat' dir='ltr'><strong>a</strong></span> <span class='ocrx_word' id='word_1_26' title='bbox 853 1038 975 1121; x_wconf 80' lang='grc' dir='ltr'><em>νοσφίπ’,</em></span> <span class='ocrx_word' id='word_1_27' title='bbox 1005 1043 1036 1104; x_wconf 91' lang='lat' dir='ltr'><strong>et</strong></span> <span class='ocrx_word' id='word_1_28' title='bbox 1063 1038 1201 1125; x_wconf 89' lang='lat' dir='ltr'><strong>plerique</strong></span> <span class='ocrx_word' id='word_1_29' title='bbox 1224 1039 1350 1104; x_wconf 83' lang='lat' dir='ltr'>editores</span> 
     </span>
     <span class='ocr_line' id='line_1_6' title="bbox 344 1155 1350 1245; baseline -0.003 -22"><span class='ocrx_word' id='word_1_30' title='bbox 344 1158 498 1240; x_wconf 74' lang='grc' dir='ltr'><em>νοοφίοαο’</em></span> <span class='ocrx_word' id='word_1_31' title='bbox 520 1158 730 1239; x_wconf 68' lang='grc' dir='ltr'><em>ἀπροβούλως,</em></span> <span class='ocrx_word' id='word_1_32' title='bbox 752 1158 845 1244; x_wconf 89' lang='lat' dir='ltr'><strong>idque</strong></span> <span class='ocrx_word' id='word_1_33' title='bbox 867 1157 1048 1245; x_wconf 85' lang='lat' dir='ltr'><strong>agnos&#39;citur</strong></span> <span class='ocrx_word' id='word_1_34' title='bbox 1067 1181 1084 1221; x_wconf 90' lang='lat' dir='ltr'><strong>a</strong></span> <span class='ocrx_word' id='word_1_35' title='bbox 1104 1155 1286 1234; x_wconf 88' lang='lat' dir='ltr'><strong>scholiasta,</strong></span> <span class='ocrx_word' id='word_1_36' title='bbox 1306 1159 1350 1221; x_wconf 90' lang='lat' dir='ltr'><strong>iu·</strong></span> 
     </span>
     <span class='ocr_line' id='line_1_7' title="bbox 343 1276 1351 1363; baseline 0.001 -24"><span class='ocrx_word' id='word_1_37' title='bbox 343 1281 544 1362; x_wconf 88' lang='lat' dir='ltr'><strong>terpretunte‚</strong></span> <span class='ocrx_word' id='word_1_38' title='bbox 569 1276 653 1341; x_wconf 87' lang='lat' dir='ltr'><strong>illam</strong></span> <span class='ocrx_word' id='word_1_39' title='bbox 677 1298 740 1342; x_wconf 90' lang='lat' dir='ltr'><strong>non</strong></span> <span class='ocrx_word' id='word_1_40' title='bbox 756 1277 941 1363; x_wconf 81' lang='lat' dir='ltr'><strong>praevidisse</strong></span> <span class='ocrx_word' id='word_1_41' title='bbox 960 1297 1095 1363; x_wconf 85' lang='lat' dir='ltr'><strong>poenam.</strong></span> <span class='ocrx_word' id='word_1_42' title='bbox 1118 1278 1236 1361; x_wconf 84' lang='lat' dir='ltr'><strong>Sequor</strong></span> <span class='ocrx_word' id='word_1_43' title='bbox 1254 1298 1351 1341; x_wconf 88' lang='lat' dir='ltr'><strong>emen-</strong></span> 
     </span>
     <span class='ocr_line' id='line_1_8' title="bbox 345 1395 1353 1482; baseline -0.001 -23"><span class='ocrx_word' id='word_1_44' title='bbox 345 1395 497 1460; x_wconf 78' lang='lat' dir='ltr'><strong>dationem</strong></span> <span class='ocrx_word' id='word_1_45' title='bbox 532 1395 680 1460; x_wconf 90' lang='lat' dir='ltr'><strong>Porsoui:</strong></span> <span class='ocrx_word' id='word_1_46' title='bbox 715 1417 785 1459; x_wconf 89' lang='lat' dir='ltr'><strong>uam</strong></span> <span class='ocrx_word' id='word_1_47' title='bbox 815 1395 983 1477; x_wconf 66' lang='grc' dir='ltr'><em>προβούλους</em></span> <span class='ocrx_word' id='word_1_48' title='bbox 1007 1396 1151 1460; x_wconf 87' lang='lat' dir='ltr'><strong>convenit</strong></span> <span class='ocrx_word' id='word_1_49' title='bbox 1174 1415 1353 1482; x_wconf 83' lang='lat' dir='ltr'><strong>magnopere</strong></span> 
     </span>
     <span class='ocr_line' id='line_1_9' title="bbox 345 1513 1353 1600; baseline 0.001 -24"><span class='ocrx_word' id='word_1_50' title='bbox 345 1513 381 1576; x_wconf 89' lang='lat' dir='ltr'><strong>ad</strong></span> <span class='ocrx_word' id='word_1_51' title='bbox 411 1514 642 1600; x_wconf 87' lang='lat' dir='ltr'><strong>significandam</strong></span> <span class='ocrx_word' id='word_1_52' title='bbox 670 1514 881 1579; x_wconf 79' lang='lat' dir='ltr'><strong>malefaciendi</strong></span> <span class='ocrx_word' id='word_1_53' title='bbox 906 1514 1110 1590; x_wconf 88' lang='lat' dir='ltr'><strong>voluntatem,</strong></span> <span class='ocrx_word' id='word_1_54' title='bbox 1134 1519 1164 1578; x_wconf 86' lang='lat' dir='ltr'><strong>ct</strong></span> <span class='ocrx_word' id='word_1_55' title='bbox 1187 1513 1287 1578; x_wconf 81' lang='lat' dir='ltr'><strong>simile</strong></span> <span class='ocrx_word' id='word_1_56' title='bbox 1309 1517 1353 1577; x_wconf 87' lang='lat' dir='ltr'><strong>est</strong></span> 
     </span>
     <span class='ocr_line' id='line_1_10' title="bbox 343 1631 1006 1717; baseline 0 -21"><span class='ocrx_word' id='word_1_57' title='bbox 343 1631 470 1714; x_wconf 73' lang='grc' dir='ltr'><em>προνοίᾳ,</em></span> <span class='ocrx_word' id='word_1_58' title='bbox 495 1654 572 1717; x_wconf 88' lang='lat' dir='ltr'><strong>quae</strong></span> <span class='ocrx_word' id='word_1_59' title='bbox 591 1634 653 1698; x_wconf 87' lang='grc'><strong>667</strong></span> <span class='ocrx_word' id='word_1_60' title='bbox 680 1633 828 1698; x_wconf 79' lang='lat' dir='ltr'><strong>tribuitur</strong></span> <span class='ocrx_word' id='word_1_61' title='bbox 851 1631 1006 1697; x_wconf 85' lang='lat' dir='ltr'><strong>Althaeae.</strong></span> 
     </span>
    </p>

    <p class='ocr_par' dir='ltr' id='par_1_5' title="bbox 344 1747 1353 2053">
     <span class='ocr_line' id='line_1_11' title="bbox 388 1747 1353 1835; baseline 0 -23"><span class='ocrx_word' id='word_1_62' title='bbox 388 1753 461 1813; x_wconf 88' lang='grc'><strong>621.</strong></span> <span class='ocrx_word' id='word_1_63' title='bbox 506 1747 620 1815; x_wconf 76' lang='grc' dir='ltr'><strong>πνέονθ’.</strong></span> <span class='ocrx_word' id='word_1_64' title='bbox 667 1750 763 1815; x_wconf 87' lang='lat' dir='ltr'><strong>Libri.</strong></span> <span class='ocrx_word' id='word_1_65' title='bbox 799 1749 952 1815; x_wconf 88' lang='lat' dir='ltr'><strong>Heathius</strong></span> <span class='ocrx_word' id='word_1_66' title='bbox 975 1748 1101 1815; x_wconf 75' lang='lat' dir='ltr'><strong>msicud&#39;.</strong></span> <span class='ocrx_word' id='word_1_67' title='bbox 1138 1749 1270 1814; x_wconf 85' lang='lat' dir='ltr'><strong>Gravius</strong></span> <span class='ocrx_word' id='word_1_68' title='bbox 1294 1750 1353 1835; x_wconf 89' lang='lat' dir='ltr'><strong>spi·</strong></span> 
     </span>
     <span class='ocr_line' id='line_1_12' title="bbox 344 1867 1352 1947; baseline -0.003 -14"><span class='ocrx_word' id='word_1_69' title='bbox 344 1874 477 1947; x_wconf 84' lang='lat' dir='ltr'><strong>rentem,</strong></span> <span class='ocrx_word' id='word_1_70' title='bbox 510 1875 546 1934; x_wconf 90' lang='lat' dir='ltr'><strong>nt</strong></span> <span class='ocrx_word' id='word_1_71' title='bbox 579 1871 612 1933; x_wconf 89' lang='lat' dir='ltr'><strong>in</strong></span> <span class='ocrx_word' id='word_1_72' title='bbox 648 1892 754 1934; x_wconf 90' lang='lat' dir='ltr'><strong>somno</strong></span> <span class='ocrx_word' id='word_1_73' title='bbox 785 1872 828 1934; x_wconf 87' lang='lat' dir='ltr'><strong>fit.</strong></span> <span class='ocrx_word' id='word_1_74' title='bbox 875 1870 922 1934; x_wconf 84' lang='lat' dir='ltr'><strong>Oi.</strong></span> <span class='ocrx_word' id='word_1_75' title='bbox 956 1870 1047 1934; x_wconf 92' lang='lat' dir='ltr'><strong>Hom.</strong></span> <span class='ocrx_word' id='word_1_76' title='bbox 1074 1869 1112 1933; x_wconf 92' lang='lat' dir='ltr'><strong>Il.</strong></span> <span class='ocrx_word' id='word_1_77' title='bbox 1140 1869 1172 1933; x_wconf 90' lang='lat' dir='ltr'><strong>K</strong></span> <span class='ocrx_word' id='word_1_78' title='bbox 1195 1872 1278 1945; x_wconf 75' lang='lat'><strong>496,</strong></span> <span class='ocrx_word' id='word_1_79' title='bbox 1302 1867 1352 1932; x_wconf 92' lang='lat' dir='ltr'><strong>ubi</strong></span> 
     </span>
     <span class='ocr_line' id='line_1_13' title="bbox 346 1987 1068 2053; baseline 0.001 -2"><span class='ocrx_word' id='word_1_80' title='bbox 346 1988 509 2053; x_wconf 86' lang='lat' dir='ltr'><strong>Diomedes</strong></span> <span class='ocrx_word' id='word_1_81' title='bbox 532 1987 667 2053; x_wconf 83' lang='lat' dir='ltr'><strong>Rhesum</strong></span> <span class='ocrx_word' id='word_1_82' title='bbox 693 1988 893 2052; x_wconf 87' lang='lat' dir='ltr'><strong>dormientem</strong></span> <span class='ocrx_word' id='word_1_83' title='bbox 919 1989 1068 2053; x_wconf 88' lang='lat' dir='ltr'><strong>interficit</strong></span> 
     </span>
    </p>

    <p class='ocr_par' dir='ltr' id='par_1_6' title="bbox 435 2105 1261 2192">
     <span class='ocr_line' id='line_1_14' title="bbox 435 2105 1261 2192; baseline -0.002 -20"><span class='ocrx_word' id='word_1_84' title='bbox 435 2106 649 2186; x_wconf 81' lang='grc' dir='ltr'><em>οίοίμαίνονπα·</em></span> <span class='ocrx_word' id='word_1_85' title='bbox 672 2107 761 2172; x_wconf 73' lang='grc' dir='ltr'><em>κακὸν</em></span> <span class='ocrx_word' id='word_1_86' title='bbox 783 2107 841 2188; x_wconf 70' lang='grc' dir='ltr'><strong>γὰρ</strong></span> <span class='ocrx_word' id='word_1_87' title='bbox 861 2105 925 2187; x_wconf 73' lang='grc' dir='ltr'><em>ὄναρ</em></span> <span class='ocrx_word' id='word_1_88' title='bbox 948 2112 1121 2192; x_wconf 68' lang='grc' dir='ltr'><em>κεφαλῆφιν</em></span> <span class='ocrx_word' id='word_1_89' title='bbox 1144 2106 1261 2182; x_wconf 76' lang='grc' dir='ltr'><strong>ἐπέστη.</strong></span> 
     </span>
    </p>
   </div>
   <div class='ocr_carea' id='block_1_3' title="bbox 344 2223 1478 2320">
    <p class='ocr_par' dir='ltr' id='par_1_7' title="bbox 344 2223 1478 2320">
     <span class='ocr_line' id='line_1_15' title="bbox 344 2223 1478 2320; baseline -0.002 -30"><span class='ocrx_word' id='word_1_90' title='bbox 344 2231 446 2312; x_wconf 79' lang='lat' dir='ltr'><strong>Atque</strong></span> <span class='ocrx_word' id='word_1_91' title='bbox 476 2228 542 2313; x_wconf 91' lang='lat' dir='ltr'><strong>ipso</strong></span> <span class='ocrx_word' id='word_1_92' title='bbox 573 2226 664 2291; x_wconf 88' lang='lat' dir='ltr'><strong>verbo</strong></span> <span class='ocrx_word' id='word_1_93' title='bbox 695 2225 893 2305; x_wconf 70' lang='grc' dir='ltr'><em>ἀσθμαίνοντα</em></span> <span class='ocrx_word' id='word_1_94' title='bbox 919 2225 948 2290; x_wconf 95' lang='lat' dir='ltr'><strong>h.</strong></span> <span class='ocrx_word' id='word_1_95' title='bbox 972 2226 991 2290; x_wconf 93' lang='lat' dir='ltr'><strong>l.</strong></span> <span class='ocrx_word' id='word_1_96' title='bbox 1015 2225 1179 2290; x_wconf 82' lang='lat' dir='ltr'><strong>scholiasta</strong></span> <span class='ocrx_word' id='word_1_97' title='bbox 1201 2227 1234 2288; x_wconf 90' lang='lat' dir='ltr'><strong>iu</strong></span> <span class='ocrx_word' id='word_1_98' title='bbox 1258 2223 1354 2312; x_wconf 84' lang='lat' dir='ltr'><strong>expli·</strong></span> <span class='ocrx_word' id='word_1_99' title='bbox 1477 2289 1478 2320; x_wconf 22' lang='grc' dir='ltr'>ᾖ</span> 
     </span>
    </p>
   </div>
   <div class='ocr_carea' id='block_1_4' title="bbox 345 2345 1354 2546">
    <p class='ocr_par' dir='ltr' id='par_1_8' title="bbox 345 2345 1354 2546">
     <span class='ocr_line' id='line_1_16' title="bbox 345 2345 717 2410; baseline 0.003 -2"><span class='ocrx_word' id='word_1_100' title='bbox 345 2345 441 2408; x_wconf 89' lang='lat' dir='ltr'><strong>cando</strong></span> <span class='ocrx_word' id='word_1_101' title='bbox 465 2345 587 2410; x_wconf 80' lang='grc' dir='ltr'><em>πνέοντα</em></span> <span class='ocrx_word' id='word_1_102' title='bbox 610 2345 717 2409; x_wconf 86' lang='lat' dir='ltr'><strong>utitur.</strong></span> 
     </span>
     <span class='ocr_line' id='line_1_17' title="bbox 389 2463 1354 2546; baseline -0.002 -18"><span class='ocrx_word' id='word_1_103' title='bbox 389 2468 461 2528; x_wconf 86' lang='grc'><strong>622.</strong></span> <span class='ocrx_word' id='word_1_104' title='bbox 507 2464 593 2536; x_wconf 78' lang='lat' dir='ltr'><strong>Quae</strong></span> <span class='ocrx_word' id='word_1_105' title='bbox 616 2469 695 2529; x_wconf 87' lang='lat' dir='ltr'><strong>esset</strong></span> <span class='ocrx_word' id='word_1_106' title='bbox 718 2463 831 2528; x_wconf 89' lang='lat' dir='ltr'><strong>mentio</strong></span> <span class='ocrx_word' id='word_1_107' title='bbox 855 2463 891 2528; x_wconf 91' lang='lat' dir='ltr'><strong>de</strong></span> <span class='ocrx_word' id='word_1_108' title='bbox 914 2463 1085 2539; x_wconf 80' lang='lat' dir='ltr'><strong>Mercurio,</strong></span> <span class='ocrx_word' id='word_1_109' title='bbox 1105 2463 1275 2546; x_wconf 87' lang='lat' dir='ltr'><strong>quaesitum</strong></span> <span class='ocrx_word' id='word_1_110' title='bbox 1297 2467 1354 2540; x_wconf 91' lang='lat' dir='ltr'><strong>est,</strong></span> 
     </span>
    </p>
   </div>
   <div class='ocr_carea' id='block_1_5' title="bbox 343 2580 1477 2669">
    <p class='ocr_par' dir='ltr' id='par_1_9' title="bbox 343 2580 1477 2669">
     <span class='ocr_line' id='line_1_18' title="bbox 343 2580 1477 2669; baseline -0.002 -23"><span class='ocrx_word' id='word_1_111' title='bbox 343 2604 436 2667; x_wconf 91' lang='lat' dir='ltr'><strong>quum</strong></span> <span class='ocrx_word' id='word_1_112' title='bbox 450 2582 508 2646; x_wconf 86' lang='lat' dir='ltr'><strong>alii</strong></span> <span class='ocrx_word' id='word_1_113' title='bbox 532 2583 706 2660; x_wconf 82' lang='lat' dir='ltr'><strong>crederent,</strong></span> <span class='ocrx_word' id='word_1_114' title='bbox 729 2582 897 2669; x_wconf 88' lang='lat' dir='ltr'><strong>significari</strong></span> <span class='ocrx_word' id='word_1_115' title='bbox 921 2603 1005 2658; x_wconf 90' lang='lat' dir='ltr'><strong>enm,</strong></span> <span class='ocrx_word' id='word_1_116' title='bbox 1028 2582 1081 2666; x_wconf 91' lang='lat' dir='ltr'><strong>qui</strong></span> <span class='ocrx_word' id='word_1_117' title='bbox 1104 2585 1241 2646; x_wconf 88' lang='lat' dir='ltr'><strong>mortuos</strong></span> <span class='ocrx_word' id='word_1_118' title='bbox 1262 2580 1354 2645; x_wconf 90' lang='lat' dir='ltr'><strong>dedu·</strong></span> <span class='ocrx_word' id='word_1_119' title='bbox 1476 2643 1477 2668; x_wconf 31' lang='lat'>1</span> 
     </span>
    </p>
   </div>
   <div class='ocr_carea' id='block_1_6' title="bbox 345 2699 1356 2906">
    <p class='ocr_par' dir='ltr' id='par_1_10' title="bbox 345 2699 1356 2906">
     <span class='ocr_line' id='line_1_19' title="bbox 346 2699 1355 2788; baseline -0.002 -23"><span class='ocrx_word' id='word_1_120' title='bbox 346 2704 442 2765; x_wconf 86' lang='lat' dir='ltr'><strong>cerat:</strong></span> <span class='ocrx_word' id='word_1_121' title='bbox 477 2723 560 2766; x_wconf 90' lang='lat' dir='ltr'><strong>nunc</strong></span> <span class='ocrx_word' id='word_1_122' title='bbox 595 2722 668 2788; x_wconf 87' lang='lat' dir='ltr'><strong>ergo</strong></span> <span class='ocrx_word' id='word_1_123' title='bbox 695 2701 816 2766; x_wconf 85' lang='lat' dir='ltr'><strong>venisse</strong></span> <span class='ocrx_word' id='word_1_124' title='bbox 847 2700 979 2785; x_wconf 81' lang='lat' dir='ltr'><strong>Scyllam</strong></span> <span class='ocrx_word' id='word_1_125' title='bbox 1013 2705 1223 2786; x_wconf 88' lang='lat' dir='ltr'><strong>correpturum</strong></span> <span class='ocrx_word' id='word_1_126' title='bbox 1248 2722 1282 2764; x_wconf 89' lang='lat' dir='ltr'><strong>ao</strong></span> <span class='ocrx_word' id='word_1_127' title='bbox 1305 2699 1355 2762; x_wconf 91' lang='lat' dir='ltr'><strong>de·</strong></span> 
     </span>
     <span class='ocr_line' id='line_1_20' title="bbox 345 2818 1356 2906; baseline -0.002 -23"><span class='ocrx_word' id='word_1_128' title='bbox 345 2819 526 2884; x_wconf 86' lang='lat' dir='ltr'><strong>ducturum:</strong></span> <span class='ocrx_word' id='word_1_129' title='bbox 557 2820 650 2904; x_wconf 91' lang='lat' dir='ltr'><strong>idque</strong></span> <span class='ocrx_word' id='word_1_130' title='bbox 673 2818 839 2884; x_wconf 86' lang='lat' dir='ltr'><strong>scholiasta</strong></span> <span class='ocrx_word' id='word_1_131' title='bbox 862 2822 996 2884; x_wconf 88' lang='lat' dir='ltr'><strong>sentiens</strong></span> <span class='ocrx_word' id='word_1_132' title='bbox 1019 2819 1201 2905; x_wconf 89' lang='lat' dir='ltr'><strong>simpliciter</strong></span> <span class='ocrx_word' id='word_1_133' title='bbox 1224 2818 1356 2906; x_wconf 85' lang='lat' dir='ltr'><strong>explicat</strong></span> 
     </span>
    </p>
   </div>
   <div class='ocr_carea' id='block_1_7' title="bbox 345 2923 1476 3023">
    <p class='ocr_par' dir='ltr' id='par_1_11' title="bbox 345 2923 1476 3023">
     <span class='ocr_line' id='line_1_21' title="bbox 345 2923 1476 3023; baseline 0 -21"><span class='ocrx_word' id='word_1_134' title='bbox 345 2935 482 3009; x_wconf 77' lang='grc' dir='ltr'><em>ίοίναποςε</em></span> <span class='ocrx_word' id='word_1_135' title='bbox 517 2937 569 3004; x_wconf 90' lang='lat' dir='ltr'><strong>ulii</strong></span> <span class='ocrx_word' id='word_1_136' title='bbox 602 2937 691 3002; x_wconf 92' lang='lat' dir='ltr'><strong>deum</strong></span> <span class='ocrx_word' id='word_1_137' title='bbox 719 2937 813 3015; x_wconf 91' lang='lat' dir='ltr'><strong>lucri,</strong></span> <span class='ocrx_word' id='word_1_138' title='bbox 845 2943 875 3001; x_wconf 92' lang='lat' dir='ltr'><strong>et</strong></span> <span class='ocrx_word' id='word_1_139' title='bbox 906 2936 1037 3022; x_wconf 85' lang='lat' dir='ltr'><strong>Scyllam</strong></span> <span class='ocrx_word' id='word_1_140' title='bbox 1062 2941 1253 3023; x_wconf 89' lang='lat' dir='ltr'><strong>persecutum</strong></span> <span class='ocrx_word' id='word_1_141' title='bbox 1275 2959 1356 3012; x_wconf 86' lang='lat' dir='ltr'><strong>esse,</strong></span> <span class='ocrx_word' id='word_1_142' title='bbox 1475 2923 1476 2970; x_wconf 84' lang='lat'>1</span> 
     </span>
    </p>
   </div>
   <div class='ocr_carea' id='block_1_8' title="bbox 345 3054 1357 3260">
    <p class='ocr_par' dir='ltr' id='par_1_12' title="bbox 345 3054 1357 3260">
     <span class='ocr_line' id='line_1_22' title="bbox 345 3054 1357 3142; baseline -0.002 -22"><span class='ocrx_word' id='word_1_143' title='bbox 345 3057 416 3141; x_wconf 88' lang='lat' dir='ltr'><strong>quia</strong></span> <span class='ocrx_word' id='word_1_144' title='bbox 446 3055 499 3119; x_wconf 90' lang='lat' dir='ltr'><strong>illa</strong></span> <span class='ocrx_word' id='word_1_145' title='bbox 525 3054 610 3120; x_wconf 89' lang='lat' dir='ltr'><strong>lucro</strong></span> <span class='ocrx_word' id='word_1_146' title='bbox 634 3055 671 3119; x_wconf 87' lang='lat' dir='ltr'><strong>ad</strong></span> <span class='ocrx_word' id='word_1_147' title='bbox 694 3055 792 3120; x_wconf 85' lang='lat' dir='ltr'><strong>scelus</strong></span> <span class='ocrx_word' id='word_1_148' title='bbox 817 3055 961 3142; x_wconf 77' lang='lat' dir='ltr'><strong>perducta</strong></span> <span class='ocrx_word' id='word_1_149' title='bbox 983 3055 1112 3132; x_wconf 84' lang='lat' dir='ltr'><strong>fuisset,</strong></span> <span class='ocrx_word' id='word_1_150' title='bbox 1138 3061 1174 3119; x_wconf 90' lang='lat' dir='ltr'><strong>ut</strong></span> <span class='ocrx_word' id='word_1_151' title='bbox 1198 3075 1270 3141; x_wconf 89' lang='lat' dir='ltr'><strong>ergo</strong></span> <span class='ocrx_word' id='word_1_152' title='bbox 1296 3077 1357 3118; x_wconf 86' lang='lat' dir='ltr'><strong>ma·</strong></span> 
     </span>
     <span class='ocr_line' id='line_1_23' title="bbox 346 3173 1356 3260; baseline -0.001 -22"><span class='ocrx_word' id='word_1_153' title='bbox 346 3174 410 3239; x_wconf 89' lang='lat' dir='ltr'><strong>lum</strong></span> <span class='ocrx_word' id='word_1_154' title='bbox 432 3173 551 3238; x_wconf 90' lang='lat' dir='ltr'><strong>lucrum</strong></span> <span class='ocrx_word' id='word_1_155' title='bbox 574 3173 628 3238; x_wconf 89' lang='lat' dir='ltr'><strong>illa</strong></span> <span class='ocrx_word' id='word_1_156' title='bbox 646 3174 828 3238; x_wconf 81' lang='lat' dir='ltr'><strong>invenisset:</strong></span> <span class='ocrx_word' id='word_1_157' title='bbox 847 3196 949 3238; x_wconf 90' lang='lat' dir='ltr'><strong>verum</strong></span> <span class='ocrx_word' id='word_1_158' title='bbox 970 3175 1073 3260; x_wconf 89' lang='lat' dir='ltr'><strong>potius</strong></span> <span class='ocrx_word' id='word_1_159' title='bbox 1092 3174 1253 3252; x_wconf 82' lang='lat' dir='ltr'><strong>existimo,</strong></span> <span class='ocrx_word' id='word_1_160' title='bbox 1274 3173 1356 3238; x_wconf 91' lang='lat' dir='ltr'><strong>Mer-</strong></span> 
     </span>
    </p>
   </div>
   <div class='ocr_carea' id='block_1_9' title="bbox 347 3289 1475 3378">
    <p class='ocr_par' dir='ltr' id='par_1_13' title="bbox 347 3289 1475 3378">
     <span class='ocr_line' id='line_1_24' title="bbox 347 3289 1475 3378; baseline 0 -22"><span class='ocrx_word' id='word_1_161' title='bbox 347 3293 464 3357; x_wconf 91' lang='lat' dir='ltr'><strong>curium</strong></span> <span class='ocrx_word' id='word_1_162' title='bbox 488 3291 643 3369; x_wconf 86' lang='lat' dir='ltr'><strong>habnisse,</strong></span> <span class='ocrx_word' id='word_1_163' title='bbox 660 3315 752 3377; x_wconf 85' lang='lat' dir='ltr'><strong>quum</strong></span> <span class='ocrx_word' id='word_1_164' title='bbox 774 3297 921 3378; x_wconf 86' lang='lat' dir='ltr'><strong>praeesset</strong></span> <span class='ocrx_word' id='word_1_165' title='bbox 940 3293 1062 3366; x_wconf 82' lang='lat' dir='ltr'><strong>inieris,</strong></span> <span class='ocrx_word' id='word_1_166' title='bbox 1080 3293 1170 3357; x_wconf 90' lang='lat' dir='ltr'><strong>etiam</strong></span> <span class='ocrx_word' id='word_1_167' title='bbox 1186 3291 1356 3356; x_wconf 81' lang='lat' dir='ltr'><strong>ulciscendi</strong></span> <span class='ocrx_word' id='word_1_168' title='bbox 1474 3289 1475 3294; x_wconf 61' lang='grc'>’</span> 
     </span>
    </p>
   </div>
   <div class='ocr_carea' id='block_1_10' title="bbox 346 3409 1358 3728">
    <p class='ocr_par' dir='ltr' id='par_1_14' title="bbox 346 3409 1358 3728">
     <span class='ocr_line' id='line_1_25' title="bbox 346 3409 1357 3498; baseline -0.001 -23"><span class='ocrx_word' id='word_1_169' title='bbox 346 3434 396 3476; x_wconf 88' lang='lat' dir='ltr'><strong>eos</strong></span> <span class='ocrx_word' id='word_1_170' title='bbox 417 3433 532 3476; x_wconf 88' lang='lat' dir='ltr'><strong>corum:</strong></span> <span class='ocrx_word' id='word_1_171' title='bbox 552 3412 703 3496; x_wconf 90' lang='lat' dir='ltr'><strong>quomodo</strong></span> <span class='ocrx_word' id='word_1_172' title='bbox 723 3411 815 3475; x_wconf 90' lang='lat' dir='ltr'><strong>initio</strong></span> <span class='ocrx_word' id='word_1_173' title='bbox 835 3409 1010 3498; x_wconf 85' lang='lat' dir='ltr'><strong>tragoediae</strong></span> <span class='ocrx_word' id='word_1_174' title='bbox 1029 3410 1357 3495; x_wconf 88' lang='lat' dir='ltr'><strong>invocatur‚idemque</strong></span> 
     </span>
     <span class='ocr_line' id='line_1_26' title="bbox 348 3529 1010 3616; baseline -0.003 -21"><span class='ocrx_word' id='word_1_175' title='bbox 348 3534 424 3596; x_wconf 79' lang='lat'><strong>⁷27:</strong></span> <span class='ocrx_word' id='word_1_176' title='bbox 448 3551 520 3616; x_wconf 84' lang='lat' dir='ltr'><strong>ergo</strong></span> <span class='ocrx_word' id='word_1_177' title='bbox 543 3529 662 3594; x_wconf 85' lang='lat' dir='ltr'><strong>venisse</strong></span> <span class='ocrx_word' id='word_1_178' title='bbox 684 3551 752 3593; x_wconf 91' lang='lat' dir='ltr'><strong>enm</strong></span> <span class='ocrx_word' id='word_1_179' title='bbox 774 3530 903 3593; x_wconf 88' lang='lat' dir='ltr'><strong>ultorem</strong></span> <span class='ocrx_word' id='word_1_180' title='bbox 929 3530 1010 3594; x_wconf 92' lang='lat' dir='ltr'><strong>Nisi.</strong></span> 
     </span>
     <span class='ocr_line' id='line_1_27' title="bbox 392 3646 1358 3728; baseline 0 -16"><span class='ocrx_word' id='word_1_181' title='bbox 392 3652 465 3713; x_wconf 83' lang='grc'><strong>623.</strong></span> <span class='ocrx_word' id='word_1_182' title='bbox 510 3647 729 3728; x_wconf 71' lang='grc' dir='ltr'><em>ἐπεμνασάμαν.</em></span> <span class='ocrx_word' id='word_1_183' title='bbox 774 3650 824 3712; x_wconf 87' lang='lat' dir='ltr'><strong>Ita</strong></span> <span class='ocrx_word' id='word_1_184' title='bbox 856 3646 1017 3712; x_wconf 85' lang='lat' dir='ltr'><strong>Heathius.</strong></span> <span class='ocrx_word' id='word_1_185' title='bbox 1063 3647 1099 3711; x_wconf 91' lang='lat' dir='ltr'>M</span> <span class='ocrx_word' id='word_1_186' title='bbox 1122 3652 1153 3710; x_wconf 87' lang='lat' dir='ltr'><strong>et</strong></span> <span class='ocrx_word' id='word_1_187' title='bbox 1176 3647 1206 3711; x_wconf 86' lang='lat' dir='ltr'>G</span> <span class='ocrx_word' id='word_1_188' title='bbox 1229 3648 1358 3725; x_wconf 78' lang='grc' dir='ltr'><em>ἐπεμνή-</em></span> 
     </span>
    </p>
   </div>
   <div class='ocr_carea' id='block_1_11' title="bbox 346 3765 1473 3853">
    <p class='ocr_par' dir='ltr' id='par_1_15' title="bbox 346 3765 1473 3853">
     <span class='ocr_line' id='line_1_28' title="bbox 346 3765 1473 3853; baseline -0.001 -24"><span class='ocrx_word' id='word_1_189' title='bbox 346 3790 457 3846; x_wconf 85' lang='grc' dir='ltr'><em>παμεν,</em></span> <span class='ocrx_word' id='word_1_190' title='bbox 482 3766 589 3831; x_wconf 87' lang='lat' dir='ltr'><strong>sedin</strong></span> <span class='ocrx_word' id='word_1_191' title='bbox 614 3765 648 3830; x_wconf 92' lang='lat' dir='ltr'>M</span> <span class='ocrx_word' id='word_1_192' title='bbox 673 3790 694 3830; x_wconf 90' lang='grc' dir='ltr'><em>α</em></span> <span class='ocrx_word' id='word_1_193' title='bbox 716 3789 806 3853; x_wconf 88' lang='lat' dir='ltr'><strong>supra</strong></span> <span class='ocrx_word' id='word_1_194' title='bbox 828 3791 844 3841; x_wconf 76' lang='lat' dir='ltr'><strong>a</strong></span> <span class='ocrx_word' id='word_1_195' title='bbox 868 3769 1016 3853; x_wconf 89' lang='lat' dir='ltr'><strong>scriptum</strong></span> <span class='ocrx_word' id='word_1_196' title='bbox 1038 3766 1357 3844; x_wconf 72' lang='grc' dir='ltr'><strong>θεί,12ἕμνήσαμεν.</strong></span> <span class='ocrx_word' id='word_1_197' title='bbox 1472 3819 1473 3828; x_wconf 73' lang='grc'>,</span> 
     </span>
    </p>
   </div>
   <div class='ocr_carea' id='block_1_12' title="bbox 347 3883 1358 4308">
    <p class='ocr_par' dir='ltr' id='par_1_16' title="bbox 347 3883 904 3969">
     <span class='ocr_line' id='line_1_29' title="bbox 347 3883 904 3969; baseline 0 -19"><span class='ocrx_word' id='word_1_198' title='bbox 347 3886 502 3950; x_wconf 87' lang='lat' dir='ltr'><strong>Porsonus</strong></span> <span class='ocrx_word' id='word_1_199' title='bbox 525 3883 637 3969; x_wconf 88' lang='lat' dir='ltr'><strong>aliique</strong></span> <span class='ocrx_word' id='word_1_200' title='bbox 659 3886 904 3964; x_wconf 75' lang='grc' dir='ltr'><em>ἑπεμνήοαμεοί.</em></span> 
     </span>
    </p>

    <p class='ocr_par' dir='ltr' id='par_1_17' title="bbox 347 4003 1358 4308">
     <span class='ocr_line' id='line_1_30' title="bbox 393 4003 1357 4090; baseline -0.001 -22"><span class='ocrx_word' id='word_1_201' title='bbox 393 4009 466 4070; x_wconf 87' lang='grc'><strong>627.</strong></span> <span class='ocrx_word' id='word_1_202' title='bbox 510 4005 550 4067; x_wconf 90' lang='lat' dir='ltr'><strong>In</strong></span> <span class='ocrx_word' id='word_1_203' title='bbox 582 4003 618 4067; x_wconf 91' lang='lat' dir='ltr'>M</span> <span class='ocrx_word' id='word_1_204' title='bbox 649 4003 699 4068; x_wconf 91' lang='lat' dir='ltr'><strong>hio</strong></span> <span class='ocrx_word' id='word_1_205' title='bbox 730 4027 833 4070; x_wconf 87' lang='lat' dir='ltr'><strong>versus</strong></span> <span class='ocrx_word' id='word_1_206' title='bbox 865 4003 897 4067; x_wconf 91' lang='lat' dir='ltr'><strong>iu</strong></span> <span class='ocrx_word' id='word_1_207' title='bbox 930 4003 1066 4089; x_wconf 83' lang='lat' dir='ltr'><strong>margine</strong></span> <span class='ocrx_word' id='word_1_208' title='bbox 1089 4003 1222 4090; x_wconf 88' lang='lat' dir='ltr'><strong>scriptus</strong></span> <span class='ocrx_word' id='word_1_209' title='bbox 1241 4006 1304 4080; x_wconf 90' lang='lat' dir='ltr'><strong>est,</strong></span> <span class='ocrx_word' id='word_1_210' title='bbox 1324 4004 1357 4068; x_wconf 91' lang='lat' dir='ltr'><strong>in</strong></span> 
     </span>
     <span class='ocr_line' id='line_1_31' title="bbox 347 4120 1358 4207; baseline -0.003 -19"><span class='ocrx_word' id='word_1_211' title='bbox 347 4123 376 4188; x_wconf 87' lang='lat' dir='ltr'><strong>G</strong></span> <span class='ocrx_word' id='word_1_212' title='bbox 405 4123 554 4202; x_wconf 88' lang='lat' dir='ltr'><strong>insertus,</strong></span> <span class='ocrx_word' id='word_1_213' title='bbox 583 4123 616 4186; x_wconf 92' lang='lat' dir='ltr'><strong>in</strong></span> <span class='ocrx_word' id='word_1_214' title='bbox 647 4123 677 4186; x_wconf 81' lang='lat' dir='ltr'><strong>R</strong></span> <span class='ocrx_word' id='word_1_215' title='bbox 707 4129 738 4188; x_wconf 89' lang='lat' dir='ltr'><strong>ct</strong></span> <span class='ocrx_word' id='word_1_216' title='bbox 768 4122 989 4207; x_wconf 87' lang='lat' dir='ltr'><strong>antiquissimis</strong></span> <span class='ocrx_word' id='word_1_217' title='bbox 1013 4120 1201 4187; x_wconf 88' lang='lat' dir='ltr'><strong>editionibus</strong></span> <span class='ocrx_word' id='word_1_218' title='bbox 1224 4127 1358 4207; x_wconf 88' lang='lat' dir='ltr'><strong>praeter·</strong></span> 
     </span>
     <span class='ocr_line' id='line_1_32' title="bbox 347 4264 465 4308; baseline 0.008 -1"><span class='ocrx_word' id='word_1_219' title='bbox 347 4264 465 4308; x_wconf 81' lang='lat' dir='ltr'><strong>mrasus.</strong></span> 
     </span>
    </p>
   </div>
   <div class='ocr_carea' id='block_1_13' title="bbox 0 0 1493 4974">
    <p class='ocr_par' dir='ltr' id='par_1_18' title="bbox 0 0 1493 4974">
     <span class='ocr_line' id='line_1_33' title="bbox 0 0 1493 4974; baseline 0 0"><span class='ocrx_word' id='word_1_220' title='bbox 0 0 1493 4974; x_wconf 95' lang='lat' dir='ltr'><strong> </strong></span> 
     </span>
    </p>
   </div>
  </div>
 </body>
</html>
