2974 4982
558 494 758 540 snuonerro.
1119 480 1160 542 98

151 676 276 762 roganti
295 673 412 752 (thoro,
430 675 581 759 quomodo
600 677 723 742 Orestes
744 676 846 742 venire
858 699 947 742 ausus
959 679 1080 756 fuisset,
1093 698 1162 744 eum

150 817 216 858 nou
240 796 370 872 venisse,
390 793 443 860 sed
463 794 579 860 misisse
595 797 693 861 crines
715 793 922 883 responderat:
941 802 1045 883 postes
1061 803 1162 864 tarmen

150 911 284 996 aliquam
307 913 387 998 capit
411 935 492 998 spem
514 914 682 991 meliorem,
706 917 786 992 194,
811 915 883 978 203.
918 915 957 978 In
980 913 1037 980 hac
1059 920 1159 982 autem

150 1031 355 1118 explicatione
376 1031 430 1096 illa
453 1033 580 1097 mutatio
602 1029 641 1098 αὖ
658 1031 733 1097 mihi
754 1033 841 1098 valde
856 1031 1020 1119 probabilis
1032 1034 1161 1099 videtur.

202 1153 273 1214 183.
319 1151 470 1232 προσίστα.
516 1152 568 1216 Sic
593 1151 645 1216 M:
668 1152 700 1216 in
725 1153 819 1216 Gest
842 1151 990 1231 πρόσεστι.

201 1272 273 1333 184.
318 1267 465 1343 ἐπαίσθην.
511 1270 598 1334 Libri
634 1270 760 1346 irruitur.
807 1271 847 1335 In
880 1270 1018 1336 lemmate
1053 1269 1161 1337 scholii

150 1386 377 1453 Robortellieni
397 1392 442 1452 est
464 1389 599 1464 ἐτοίοίνν.

200 1509 272 1569 184.
317 1506 451 1587 διανταίῳ
474 1505 564 1585 βέλει.
610 1506 657 1571 of.
683 1507 765 1593 Sept.
790 1529 813 1572 c.
841 1505 897 1572 Th.
922 1510 987 1571 894
1010 1505 1160 1572 διανταίαν

150 1623 291 1701 armai.

199 1747 272 1807 185.
316 1742 411 1824 δίψιοι.
457 1744 649 1830 Comparatio
680 1748 726 1808 est
756 1743 863 1808 imbris
891 1748 961 1830 post
981 1743 1161 1809 ¹diuturnam

150 1863 322 1928 siccitatem
345 1863 582 1949 prorumpentis:
608 1861 693 1943 δίψιοι
716 1861 859 1939 σταγόνες
881 1863 1034 1940 τίοιτονσι,
1052 1883 1104 1948 per
1121 1862 1163 1926 si·

150 1982 210 2046 tim
241 1987 347 2068 guttae
375 1981 500 2056 cedunt,
527 1980 678 2067 quomodo
706 2004 723 2044 a
752 1982 875 2046 sitiente
901 1986 981 2046 terra
1005 1987 1160 2069 guttarum

152 2103 242 2189 copia
262 2092 455 2166 absorbetur:
474 2103 542 2167 sitis
561 2102 599 2166 ab
619 2103 790 2188 excipiente
808 2103 989 2168 transfertur
1008 2101 1162 2189 adgnitus

154 2243 234 2306 quae
253 2221 455 2307 excipiuntur.

197 2343 270 2404 186.
315 2337 469 2422 ἄφρακτοι.
515 2341 564 2404 lta
592 2338 671 2404 libri.
718 2338 917 2425 Significatur
939 2361 1000 2404 non
1026 2337 1159 2404 cohibita

152 2458 201 2524 vir
226 2481 326 2544 aquae.
371 2457 436 2525 Alii
459 2456 621 2542 ἄφραστοι,
645 2458 825 2524 Dindorfiue
848 2455 1001 2541 ι’ίφαρκτοι.
1035 2513 1038 2519 .

199 2580 271 2641 199.
317 2601 362 2655 γε.
408 2577 494 2641 Libri
518 2577 554 2642 δὲ.

197 2699 270 2760 192.
316 2697 373 2774 eye
396 2694 419 2759 δ’
443 2694 528 2769 ὅπως.
575 2697 656 2759 Sunt
679 2696 733 2780 qui
765 2693 942 2760 mutandum
971 2697 1080 2781 putent
1104 2695 1162 2772 ἐγὼ

150 2813 181 2878 δὲ
212 2819 288 2890 τῶς,
319 2819 354 2878 ut
381 2815 415 2878 in
445 2813 699 2900 interrogatione:
729 2814 780 2878 sed
812 2815 881 2898 post
903 2811 1040 2892 Ὀρέστου
1063 2812 1161 2874 oratio

151 2931 273 2997 videtur
291 2931 430 3018 abrupte.
449 2931 606 2996 intellecto
625 2934 675 2996 οὐκ
692 2929 769 3011 ἔχον,
789 2930 837 2995 vel
854 2929 946 2994 simili
964 2929 1160 2994 dubitatione.

170 3053 271 3114 -195.
316 3047 441 3131 ἔμφρον’.
487 3047 573 3112 Libri
603 3046 724 3131 εὔφρον’.
772 3048 868 3112 Recte
899 3047 1087 3116 emendatum
1116 3048 1161 3112 vi-

151 3167 248 3232 detur.
293 3166 415 3254 Quippe
434 3188 526 3252 quum
549 3166 624 3231 velit
648 3172 700 3231 aut
723 3165 847 3250 rejicere
872 3170 907 3228 ut
930 3163 1086 3241 hostilem,
1109 3169 1162 3228 aut

148 3291 187 3352 nt
214 3290 375 3372 cognatum
401 3285 583 3361 adsciscere,
610 3284 642 3348 in
674 3285 783 3370 prioris
814 3284 856 3348 rei
884 3283 1076 3348 nuntiatione
1099 3304 1160 3346 non

140 3408 270 3492 poterat
290 3425 353 3468 esse
374 3402 599 3468 benevolentia:
620 3402 684 3489 ipsa
701 3402 803 3466 addita
819 3401 953 3479 ιίννέαου
968 3400 1045 3475 δίκην
1060 3404 1161 3466 osten-

149 3523 245 3602 dunt,
265 3527 383 3588 tantum
405 3524 651 3610 perspicuitatem
672 3521 876 3608 comperiendi
894 3521 1011 3607 quaeri,
1030 3541 1091 3584 non
1111 3520 1161 3584 be·

148 3641 363 3708 nevolentiam.
392 3640 537 3723 ’Έροφροιν
564 3646 594 3706 et
618 3639 730 3722 εὔφρων
752 3640 842 3704 etium
865 3639 898 3702 in
921 3637 1008 3702 libris
1031 3639 1160 3702 confun-

149 3760 269 3826 duntur
291 3760 380 3825 Pind.
404 3759 453 3823 Ol.
471 3759 521 3824 IV
542 3763 593 3835 21,
616 3757 665 3822 Ol.
688 3758 854 3834 Vnus,
876 3756 925 3821 Ol.
949 3756 999 3820 IX
1022 3759 1093 3820 113.

197 3882 270 3944 196.
315 3877 497 3958 κιννσσίραρν.
543 3877 630 3941 Libri
656 3874 842 3954 κανυσσίριην.

198 4001 270 4063 197,
315 3994 386 4063 αλλ’
410 3993 442 4062 εὖ
464 3993 539 4077 σαφ’
562 3993 595 4072 ,ἦν
619 3997 645 4072 ἢ.
690 3995 740 4059 Ita
771 3995 885 4080 optime
908 3992 1099 4058 Wellunerus
1123 4014 1159 4058 ex

151 4111 487 4203 librorumscriptura,
514 4137 590 4200 quse
611 4111 748 4179 σοίάλλ’
770 4109 803 4178 οὗ
825 4117 951 4196 σαφννῆ.
985 4111 1050 4182 Alii
1073 4112 1160 4178 aliter

150 4235 326 4300 mutandam
349 4237 506 4322 putarunt.
