2972 4974
324 475 388 540 110
727 487 926 540 arsonsrro.

324 674 417 753 aad..
433 673 568 740 occurrit
581 677 654 740 365.
685 674 745 740 Pro
764 673 986 756 κατεναρίσίκι,
1005 673 1153 742 librorum
1163 677 1346 764 scriptura,
1476 685 1477 712 l

323 791 377 858 alii
403 791 619 876 κατηναρίσθης.

369 913 442 976 349.
487 935 530 977 τε.
575 910 805 978 Emendandum
829 911 882 977 alii
905 915 1053 1000 putarunt
1071 915 1101 978 τ’
1122 913 1163 980 ἐν.

368 1033 442 1095 350.
487 1030 685 1112 ἐπιστρεπτὸν.
731 1031 827 1096 Recte
858 1029 1024 1098 scholiasta
1047 1031 1185 1120 explicat
1206 1033 1245 1105 ὥς
1273 1031 1349 1104 τσὺς
1476 1039 1477 1104 j

322 1147 513 1222 ὑπαντῶντας
535 1147 758 1232 ἐπιστρέφεσθαι
782 1149 850 1232 πρὸς
873 1148 940 1214 θέαν
959 1151 1047 1229 ἡμῶν.
1079 1150 1140 1216 Pro
1152 1149 1243 1214 αἰῶνα
1259 1150 1350 1216 Din-

325 1265 438 1332 dorfius
458 1266 555 1332 edidit
577 1267 647 1344 αίῶ,
665 1287 833 1354 provocans
852 1269 890 1332 ad
912 1269 1120 1334 testimouium
1135 1267 1350 1334 Grammatici

323 1385 356 1448 in
379 1383 507 1450 Beckeri
531 1385 687 1451 anecdotis
709 1409 737 1474 p.
758 1389 836 1463 363,
861 1390 915 1454 17:
944 1385 997 1452 ubi
1020 1387 1141 1472 quidem
1163 1386 1216 1450 illa
1240 1387 1351 1452 forma

325 1503 441 1570 dicitur
474 1503 512 1568 ab
539 1503 691 1590 Aeschylo
715 1505 815 1592 posita
836 1505 944 1572 luisse:
967 1505 1019 1572 sed
1043 1505 1077 1570 id
1100 1505 1160 1569 alio
1181 1504 1252 1570 loco
1271 1506 1350 1570 ,fac-
1476 1551 1477 1564 .

322 1626 388 1686 tum
420 1645 484 1687 esse
512 1627 620 1709 potest.
665 1621 725 1688 Pro
751 1623 890 1704 κτίστας,
913 1623 995 1709 quod
1019 1623 1164 1690 inlibris
1188 1627 1253 1700 est,
1277 1625 1350 1690 fere

323 1746 477 1828 receptum
503 1746 550 1806 est
572 1742 693 1820 κτίσας,
720 1742 886 1808 secundum
907 1741 1130 1808 Robortellum.

369 1863 441 1925 352.
488 1859 523 1924 M
559 1860 792 1940 3ιαπσντισνσῖισ,
826 1861 937 1946 reliqui
970 1861 1089 1926 easdem
1120 1859 1241 1940 literas,
1269 1859 1348 1926 aliis

324 1978 510 2044 accentibus.

368 2101 441 2164 354.
487 2095 658 2164 Scholiasta
681 2096 754 2163 haec
778 2097 878 2164 Choro
899 2098 1028 2178 tribuit,
1045 2098 1215 2186 pariterque
1234 2120 1348 2166 recen-
1476 2145 1477 2196 3

322 2217 432 2294 tiores,
455 2237 531 2302 quos
555 2218 643 2296 novi,
666 2216 814 2284 editores:
839 2217 1034 2282 Hermannus
1056 2215 1252 2283 hemichorio.
1276 2218 1347 2284 Sed

323 2335 484 2400 manifesto
514 2333 590 2401 mihi
619 2335 791 2400 continuari
815 2335 937 2400 videtur
960 2337 1087 2402 Orestae
1110 2338 1220 2414 oratio,
1243 2357 1348 2422 eaque
1476 2401 1477 2412 ,

322 2454 421 2541 excipi
445 2453 482 2519 ab
502 2453 624 2519 Electra
648 2457 723 2520 366.
1476 2531 1477 2554 ¹

369 2575 442 2637 366.
489 2568 529 2648 ἧς.
576 2571 612 2636 Μ
644 2569 690 2651 ἦν,
718 2595 733 2644 ς
762 2571 915 2659 adscripto
948 2593 1039 2660 supra
1061 2596 1091 2638 v:
1116 2575 1145 2640 G
1168 2569 1216 2650 ἦε,
1240 2574 1345 2640 codex

323 2689 494 2756 Robortelli
523 2687 563 2767 ἦν.
610 2691 791 2758 Dindorfius
826 2691 993 2756 secundum
1029 2691 1229 2758 Abreschium
1265 2689 1345 2772 ἦσθ’,
1476 2693 1477 2770 l

323 2809 518 2876 Hermannus
543 2805 575 2885 ἦν
596 2817 625 2874 et
648 2807 683 2890 ἔξ
699 2861 707 2876 .
776 2859 779 2864 .
1476 2789 1477 2792 ¹

368 2932 441 2993 361.
487 2926 668 2994 πιπλάντων.
714 2927 767 2992 Sic
789 2926 875 2992 libri.
918 2927 985 2994 Alii
1007 2927 1212 3008 πιμπλσίνταν.
1318 3019 1321 3028 1

369 3049 442 3110 363.
475 3037 703 3126 Ιπεισίριβρσπίν.
747 3045 844 3111 Libri.
890 3046 956 3112 Alii
979 3047 1166 3128 πεισίβροτόν.

368 3167 441 3230 363.
487 3162 668 3231 Scholiasta:
688 3169 861 3242 γνιαικικῶς
880 3165 943 3232 οὐδὲ
958 3165 1051 3248 τούτῳ
1065 3165 1236 3248 ἀρέσκεται,
1251 3168 1344 3236 ἄλλα

322 3284 363 3365 τῷ
385 3281 459 3362 μηδὲ
481 3282 533 3357 τὴν
551 3282 647 3364 ἀρχὴν
668 3283 831 3365 ιὶννρῇσίαι.

368 3403 441 3466 364.
486 3400 629 3482 πείχεσσι.
674 3400 772 3466 Libri.
817 3400 883 3467 Alii
905 3400 1030 3483 τείχεσι.

369 3523 443 3584 365.
487 3519 595 3584 ἄλλων.
641 3519 738 3586 Libri.
777 3520 931 3606 Stanlejus
954 3521 1066 3607 aliique
1088 3518 1179 3604 ἄλλῳ.

369 3640 441 3703 365.
486 3636 641 3718 δορικμῆτι.
687 3637 886 3706 Blomfieldus
904 3638 1017 3724 aliique
1036 3639 1207 3721 δουρικμῆτι.
1234 3637 1342 3708 Voca-

322 3753 387 3820 buli
410 3754 501 3842 hujus
523 3755 737 3844 etymologiam
760 3757 910 3844 spectanti
931 3757 1060 3822 derivari
1082 3756 1157 3822 mibi
1175 3755 1341 3830 videbatur

323 3895 340 3938 a
367 3873 503 3954 κσίμνειν,
532 3874 660 3959 ideoque
688 3874 861 3962 significare
883 3873 970 3940 hasta
993 3874 1199 3953 laborantem,
1219 3881 1249 3942 et
1270 3899 1341 3942 esse
1476 3871 1477 3900 ³

321 3993 512 4058 fortitudinis
536 3992 701 4080 epitheton.
733 3993 848 4060 Verum
873 3994 933 4058 duo
956 3993 1093 4081 exempla
1116 3993 1223 4060 attulit
1243 3996 1339 4062 Stan-

320 4110 414 4198 lejus,
450 4136 487 4178 ex
514 4113 628 4198 [quibus
660 4117 782 4200 apparet
815 4113 982 4200 significari
1009 4113 1185 4180 interitum:
1205 4113 1337 4182 alterurn

311 4232 493 4320 exemplum
515 4234 631 4298 activae
652 4233 888 4320 significationis
910 4239 969 4312 est,
994 4233 1104 4300 Aesch.
1147 4233 1252 4324 Suppl.
1267 4240 1335 4302 678
