2972 4974
314 471 374 534 170
718 485 917 532 ssuorarro.

309 671 411 736 sertim
446 671 516 756 quia
551 674 673 756 propter
708 669 797 733 tinem
827 691 933 734 versus
966 673 1029 735 878
1061 669 1204 737 librarius
1233 670 1325 736 facile

310 788 444 854 aberrare
467 788 614 876 potuerit,
639 787 833 872 soribrntque
862 787 1080 865 πεπληγμένου.

355 911 428 973 878.
473 906 650 985 γυναικείους
673 907 780 979 πόλος.
826 907 879 970 Sie
909 905 942 970 M
971 911 1001 971 et
1021 908 1065 971 R:
1089 908 1119 970 G
1141 906 1326 983 γυοοουοίους,

311 1027 470 1092 Victorius
493 1026 670 1103 γυοουκείοος.
708 1025 900 1090 Hermannus
920 1026 1050 1091 uonvult
1064 1026 1188 1112 januam
1209 1047 1322 1112 gynae-

310 1146 455 1210 eonitidis
486 1145 634 1232 intelligi,
668 1144 719 1208 sed
742 1145 860 1209 aedium
884 1145 1050 1231 regiarum,
1074 1167 1168 1230 quum
1192 1143 1325 1208 farnulus

311 1287 348 1330 ex
370 1263 572 1351 hospitalibus
596 1264 796 1351 egrederetur.
826 1263 957 1340 Verum,
980 1265 1004 1328 si
1028 1265 1071 1328 ite
1096 1268 1227 1340 statuas,
1248 1263 1324 1348 quid

311 1389 375 1450 tum
399 1383 547 1448 vocabulo
569 1383 746 1460 γυοουκείοος
771 1405 846 1470 opus
867 1384 953 1448 eret?
987 1384 1026 1447 m
1043 1387 1107 1449 718
1120 1387 1324 1447 memorantur

311 1503 445 1585 οὶνδρῶοες
476 1501 588 1579 adferet.
636 1503 733 1567 Aedes
768 1525 839 1590 ergo
874 1501 1038 1588 hospitales
1065 1525 1127 1566 uon
1157 1503 1193 1566 ad
1223 1503 1321 1566 aulem

312 1621 441 1687 habuere
462 1643 545 1685 suam
565 1623 706 1706 januam,
730 1644 746 1685 a
770 1621 903 1688 virorum
925 1621 1049 1687 aedibus
1071 1626 1251 1709 separatam,
1271 1620 1322 1685 sed

312 1741 394 1806 fuere
417 1743 449 1805 in
475 1741 606 1805 virorum
629 1739 769 1804 aedibus:
794 1763 828 1804 ex
854 1739 903 1804 his
924 1761 1008 1804 nunc
1028 1741 1167 1826 procedit
1183 1739 1325 1804 famulus.

358 1863 430 1926 879.
475 1864 609 1939 μοχλοῖς.
657 1858 811 1943 Slaulejus
844 1859 976 1944 conjecit
999 1860 1148 1939 μοχλοὺς,
1168 1859 1220 1924 sed
1244 1863 1325 1924 reote

312 1981 399 2042 all'ert
420 1976 603 2043 Abresohius
626 1977 698 2040 Eur.
722 1976 790 2063 Iph.
813 1985 850 2040 T.
876 1982 916 2041 99

457 2097 474 2173 d
496 2096 709 2178 χαλκότευκτα
732 2096 842 2177 οθοῇθροο
864 2097 1009 2168 λύσοντες
1031 2103 1167 2178 μοχλοῖς.

359 2221 397 2283 87
403 2221 431 2281 9.
477 2216 611 2295 ἡβῶντος.
657 2217 841 2302 Interpretes
868 2215 904 2279 de
924 2215 1030 2280 robore
1049 2215 1096 2279 vel
1116 2214 1267 2280 eeleritate
1286 2214 1322 2278 ad

309 2336 431 2421 januam
456 2334 644 2422 aperiendam
669 2335 819 2422 cogitasse
841 2335 941 2398 video:
967 2357 1068 2398 verum
1093 2357 1153 2399 non
1177 2333 1212 2396 ad
1233 2333 1323 2418 janu-

314 2478 359 2519 am
384 2455 570 2542 aperiendam
595 2453 686 2518 robur
709 2455 838 2538 requirit
861 2453 1082 2531 famulus‚'sed
1106 2453 1142 2517 ad
1161 2451 1323 2516 arcendum

315 2575 453 2638 Orestem
483 2580 513 2638 et
542 2575 580 2638 ed
611 2573 777 2660 periculum
810 2574 1024 2650 avertendum,
1057 2595 1117 2637 non
1141 2572 1261 2658 quidem
1286 2571 1324 2634 ab

315 2694 479 2782 Aegistho,
502 2695 555 2779 qui
578 2695 640 2780 jam
673 2694 793 2757 oooisus
823 2697 928 2770 esset,
951 2692 1005 2756 sed
1028 2714 1045 2754 a
1068 2691 1320 2777 Clytaemnestra.

360 2816 433 2876 880.
478 2812 553 2878 ὥστ’.
599 2813 652 2877 Sic
675 2817 757 2876 reete
778 2811 948 2876 Personas:
971 2809 1041 2875 libri
1065 2812 1101 2882 ὥς
1125 2810 1157 2874 δ’.

361 2935 434 2996 880.
480 2931 734 3015 stemmate.
781 2931 833 2995 Sic
856 2934 939 2994 reete
961 2929 1137 2994 'l'uruebusz
1162 2927 1325 2994 scholiasta

315 3054 355 3134 τῷ
378 3052 536 3136 οφογὲοτο.
583 3052 668 3116 Libri
692 3048 963 3130 δοοοοοεπροογμέοωο.

361 3177 433 3238 888.
479 3179 537 3237 ποῖ.
584 3172 648 3236 Alii
680 3174 798 3234 mutant
826 3173 855 3232 et
875 3168 1014 3234 scribunt
1037 3172 1108 3245 ποῦ,
1132 3166 1183 3230 alii
1206 3167 1324 3254 signifi·

317 3296 376 3359 oari
412 3293 602 3358 existimant:
647 3313 708 3376 quo
743 3288 819 3354 abiit
853 3288 1100 3374 Clytaemnestra.
1147 3287 1206 3351 Sed
1243 3292 1327 3352 reete

316 3412 508 3477 Wellauerus
529 3413 614 3474 effert
632 3409 704 3474 Eur.
727 3407 815 3472 Hero.
834 3409 891 3471 fur.
911 3411 953 3473 th
966 3413 1017 3471 ποῖ
1026 3408 1123 3488 πατὴρ
1136 3404 1244 3472 ἄπεστι
1255 3415 1324 3484 γῆς.

362 3536 434 3597 883.
480 3531 527 3597 ἐπὶ
551 3529 643 3612 ξυροῦ.
683 3529 747 3594 Alii
770 3529 806 3592 de
825 3527 999 3612 conjectura
1018 3525 1157 3592 sorihunt
1177 3523 1324 3604 ἐπιξήνου,

318 3652 427 3719 collato
457 3655 565 3740 Agam.
593 3653 688 3716 1877.
734 3648 848 3712 Verum
878 3647 1023 3712 dictionis
1054 3647 1102 3711 ἐπὶ
1125 3643 1206 3727 Eupo
1231 3646 1328 3711 multa

318 3773 409 3836 allata
439 3777 512 3837 sunt
540 3769 674 3856 exempla
698 3792 714 3832 a
738 3766 917 3832 Blomfieldo
941 3765 979 3829 ad
1002 3764 1030 3829 h.
1053 3764 1073 3829 l.
1096 3775 1126 3828 et
1150 3789 1166 3828 a
1190 3765 1327 3850 Stanlejo

318 3893 353 3956 ed
379 3892 453 3978 Sept
476 3913 500 3954 o.
526 3889 582 3953 Th.
606 3892 657 3965 97,
680 3887 766 3952 velut
789 3885 880 3950 Hom.
904 3885 941 3950 Il.
965 3883 996 3948 K
1021 3888 1084 3950 173

408 4014 456 4074 οὖν
478 4009 538 4090 γὰρ
561 4007 594 4084 δὴ
617 4005 775 4071 adersario
798 4007 844 4070 ἐπὶ
867 4004 950 4084 ξυροῦ
973 4000 1093 4068 ἱῗοοοοτοοο
1116 4005 1232 4082 ἀκμῆς,

408 4129 424 4205 ἢ
447 4129 536 4209 μοὶλοο
558 4127 664 4209 λυγρὸς
687 4126 792 4207 ὄλεθρος
816 4129 951 4205 'Azareis
975 4124 1006 4198 ἠὲ
1028 4123 1137 4202 drotum.

319 4253 348 4316 et
383 4247 493 4315 Herod.
526 4246 575 4310 VI
606 4251 644 4312 11
679 4245 726 4313 ἐπὶ
756 4243 837 4327 ξυροῦ
862 4244 921 4325 γὰρ
944 4245 1042 4321 ἀκμῆς
1065 4241 1170 4324 igeret
1194 4244 1263 4319 ἡμῖν
1286 4242 1329 4308 τοὶ
