2972 4974
588 448 786 492 nruornrro.
1124 434 1186 496 167

179 625 293 692 Aldina
321 625 438 710 φρεσὶν,
469 627 629 693 Turnebus
659 628 753 711 Φρεσὶ.
800 629 900 695 Persei
929 630 1099 718 exemplum
1121 633 1189 694 tan·

178 748 243 811 tom
277 745 312 809 ad
349 745 494 810 invictam
528 745 740 812 fortitudinem
774 749 924 834 pertinere
957 749 1065 814 oredo:
1100 770 1188 834 quam

177 885 269 948 quum
301 862 353 928 ille
384 865 415 928 in
441 863 570 930 Medusa
600 866 798 943 ostendisset,
833 867 957 934 Orestes
980 869 1012 932 in
1036 867 1190 954 Clytaem-

176 985 277 1046 nestra
300 982 421 1048 deberet
445 983 610 1050 ostendere.

223 1104 294 1165 832.
340 1104 459 1183 σχεθὼν.
505 1103 591 1168 Libri
614 1103 733 1184 σχέθων.

223 1223 294 1284 838.
340 1228 399 1294 τοῖς
423 1220 453 1286 θ’.
500 1222 552 1286 Sio
573 1223 614 1286 R:
634 1223 665 1287 in
689 1222 773 1286 Met
793 1219 952 1294 (ΜΗ.
992 1223 1191 1310 significatur

174 1343 392 1428 Agamemnon.

222 1463 294 1524 834.
340 1469 398 1532 τοῖς
422 1459 449 1526 τ’
472 1459 583 1526 ἄνωθεν.
630 1459 765 1525 Maxime
788 1461 934 1526 Electrae.

222 1582 294 1643 885.
339 1579 460 1660 χάριτος
483 1579 572 1660 ὀργὰς
595 1581 719 1662 λυπρὰς.
751 1581 803 1644 Sic
823 1579 994 1646 Turnebus.
1025 1579 1114 1647 Libri
1129 1579 1191 1662 xci·

177 1720 250 1777 ριτος
272 1699 361 1778 ὀργᾶς
386 1701 510 1781 λυπρῶς.
549 1698 690 1764 Editores
713 1697 854 1764 nonnulli
877 1698 1007 1780 χάριτας
1029 1701 1118 1780 ὀργᾶς
1139 1715 1192 1766 λυ-

175 1819 271 1896 aper:
297 1821 327 1881 et
348 1817 437 1904 plura
460 1841 476 1881 a
494 1817 674 1903 quibusdam
696 1823 860 1883 mutantur.
891 1817 1068 1904 Enseqoens
1087 1820 1191 1884 tristes

175 1935 233 1999 iras
257 1940 327 1999 ante
348 1936 474 2022 gandia,
497 1938 516 2001 i.
544 1960 567 2002 e.
590 1938 650 2002 iras
673 1938 786 2024 gaudia
809 1939 967 2024 parituros.

218 2055 293 2119 837.
337 2053 431 2135 μόρου.
479 2055 530 2120 Sic
559 2055 729 2121 Turnebus.
774 2056 813 2120 In
836 2054 924 2122 libris
946 2056 1038 2138 μόρον.
1077 2055 1189 2122 Deessa

174 2173 263 2238 finem
300 2174 441 2238 carminis
476 2175 629 2239 existimat
663 2175 866 2240 Hermsnnus.
906 2174 997 2240 Certe
1018 2175 1188 2262 participiis

174 2292 326 2358 sententia
349 2294 531 2358 enunciatnr
553 2297 584 2359 et
607 2292 789 2358 absolvitur:
814 2294 911 2382 igitur
934 2301 989 2360 aot
1013 2295 1188 2361 Hermanno

174 2411 419 2489 assentiendum,
441 2417 494 2476 aut
517 2413 772 2491 existimandum,
795 2414 826 2477 in
850 2418 911 2478 tam
936 2414 1021 2501 gravi
1046 2420 1076 2479 et
1099 2413 1188 2502 pleno

174 2529 300 2616 spiritus
325 2529 455 2595 earmina
476 2532 671 2619 participium
690 2553 745 2617 pro
764 2533 942 2619 imperativo
962 2532 1097 2620 positum
1117 2556 1189 2600 osse.

176 2652 279 2734 Atque
301 2647 359 2713 hoc
383 2650 505 2734 quidem
529 2649 628 2714 adhuc
653 2648 727 2716 mihi
752 2651 879 2716 videtur.

220 2770 294 2832 838.
339 2765 386 2830 Of.
408 2764 499 2853 Soph.
522 2768 571 2852 Aj.
596 2771 668 2832 289.

220 2887 293 2950 842.
338 2884 580 2964 torpescerent.
626 2886 678 2950 Sic
703 2885 868 2952 Victorius.
914 2887 953 2951 In
979 2887 1013 2952 M
1034 2891 1064 2952 et
1083 2888 1112 2952 G
1133 2886 1187 2951 δει-

175 3001 346 3082 ματοστάγ’
367 3004 415 3080 ε’ς,
436 3003 516 3091 apud
537 3004 851 3085 Risimarocw'sy's’c.
884 3006 1037 3092 Staulejus
1059 3005 1189 3090 conjecit

176 3123 414 3201 κὶμωτοσταγὲς,
437 3123 562 3188 minime
584 3124 673 3188 male:
699 3125 736 3189 of.
760 3127 867 3212 rigam.
893 3127 992 3190 1309:
1016 3125 1061 3191 sic
1076 3127 1187 3212 Aegis-

176 3242 246 3308 thus
281 3245 485 3330 signifioaret‚
522 3245 606 3332 prius
639 3244 748 3310 vulnus
780 3244 914 3309 nondum
947 3249 1083 3308 sanatum
1107 3265 1190 3321 esse,

178 3368 212 3428 nt
234 3385 347 3428 novum
368 3362 478 3429 volnus
498 3365 602 3430 statim
623 3364 721 3428 denuo
740 3364 918 3451 sanguinem
942 3364 1095 3429 excitaret
1125 3363 1187 3427 Ve-

176 3485 345 3548 rumtamen
376 3481 521 3548 librorum
553 3481 751 3568 scripturam,
778 3481 825 3546 vel
848 3481 930 3567 quod
953 3481 981 3546 ei
1004 3482 1103 3546 simile
1125 3485 1189 3558 est,

177 3601 275 3667 adhue
310 3602 434 3666 retineo.
481 3602 637 3666 Terrorem
673 3599 749 3666 dioit
784 3601 885 3667 domui
921 3601 1036 3678 incuti,
1067 3601 1187 3688 proprie

178 3721 340 3797 instillari,
367 3741 459 3805 quum
493 3719 551 3784 hoo
581 3741 693 3785 novum
718 3719 829 3787 volnus
852 3719 889 3784 ad
912 3721 1042 3806 priorem
1066 3718 1187 3786 caedem

178 3842 309 3908 socedat.
356 3840 478 3914 Quanto
509 3840 563 3906 illa
588 3841 775 3928 impudentia
798 3841 950 3918 scelerati,
973 3841 1025 3926 qui
1049 3839 1113 3928 ipsc
1135 3839 1188 3905 illa

177 3961 276 4048 priora
308 3959 431 4026 vulnera
461 3958 631 4025 intulerat?
654 3964 767 4044 quanta
790 3959 944 4024 simulatio
967 3959 1042 4024 falsa
1065 3957 1188 4045 perfidi,

178 4080 229 4166 qui
253 4082 345 4146 anxio
364 4081 464 4145 auimo
485 4102 573 4145 unam
595 4077 755 4156 medelam,
775 4078 900 4144 Orestae
912 4082 1188 4166 mortemffixspac·

179 4199 285 4266 tabat?
321 4199 437 4264 Similis
457 4198 712 4284 Clytaemnestram
732 4196 882 4262 horrenda
898 4197 1030 4284 pravitas
1049 4201 1096 4264 cst
1115 4200 1189 4262 691.
