2956 4974
304 471 339 515 Ἦ
783 487 829 502 -

301 651 445 730 uetiam,
475 651 572 717 divini
606 651 753 717 Numinis
781 650 987 718 odorationem
1021 652 1154 718 animum
1186 652 1307 718 eonfor-

302 807 398 850 mare:
422 791 474 852 ent
497 784 587 850 multi
610 784 698 865 libri,
719 806 850 871 quorum
872 785 1035 873 scriptores
1056 784 1121 852 illis
1145 783 1312 852 virtutibus

300 917 418 984 intensi
448 918 633 1002 srrimatique
662 918 800 995 inerunt,
829 918 861 982 in
887 915 999 1004 quibus
1022 917 1109 984 libris
1133 917 1182 984 illi
1204 939 1311 984 sensns

301 1047 402 1115 adhue
432 1053 463 1114 et
493 1048 592 1114 calent
626 1054 657 1114 et
687 1049 818 1134 spirant,
845 1047 1024 1136 negligendi
1052 1053 1143 1116 erunt·
1165 1053 1197 1114 et
1219 1049 1312 1116 relin-

302 1181 431 1269 quendi,
464 1187 494 1246 et
528 1203 637 1268 megae
670 1203 739 1268 pars
773 1183 944 1270 eognitioni
975 1181 1100 1270 linguae
1131 1181 1312 1250 detrahetur.

304 1314 384 1380 Nam
419 1315 610 1402 recepimus,
644 1315 793 1402 optimam
827 1315 1021 1402 interpretem
1057 1337 1122 1382 esse
1151 1337 1236 1396 enm,
1257 1317 1313 1402 qni

302 1448 439 1534 proxime
453 1447 491 1512 ad
511 1446 592 1532 ejus,
607 1468 695 1532 qoem
716 1447 950 1534 interpretetur,
969 1447 1158 1514 divinitatem
1177 1449 1311 1516 socedat

350 1581 433 1646 Haeo
454 1586 507 1658 tu,
530 1581 573 1646 mi
594 1581 702 1655 frater,
725 1581 821 1646 sentis
844 1603 970 1647 meeum.
1015 1580 1115 1654 Quam
1140 1581 1236 1648 multa
1260 1583 1312 1648 de-

302 1691 488 1790 sint⁰nobis,
510 1714 645 1800 prolecto
667 1712 890 1800 intelligimus:
912 1719 942 1780 et
964 1715 998 1778 in
1021 1714 1259 1802 progrediendo,
1285 1716 1313 1781 si

304 1847 366 1912 vite
388 1850 540 1934 suppetet,
562 1844 718 1931 adjuvabit
741 1845 816 1911 alter
838 1846 984 1925 alterurn,
1007 1853 1043 1912 ut
1062 1846 1161 1913 adhue
1173 1848 1315 1914 lecimus:

304 1984 334 2044 et
369 2000 505 2066 magnam
537 1979 708 2044 studiorum
735 1979 913 2060 suavitatem
940 2001 1000 2044 una
1022 1982 1218 2068 percepimus.
1253 1982 1314 2047 Sed

302 2114 378 2199 quid
405 2113 549 2189 velimus,
579 2119 611 2177 et
631 2135 692 2198 quo
716 2112 894 2191 tendamus,
917 2135 1066 2200 quamque
1088 2115 1167 2182 vitae
1190 2121 1313 2181 nostrae

303 2251 416 2332 partem
452 2245 554 2310 studia
589 2249 690 2310 nostra
720 2245 885 2332 impleant,
908 2247 1057 2312 novimus.
1103 2249 1170 2312 Neo
1193 2249 1314 2314 fruetus

302 2401 404 2444 eorum
428 2381 515 2444 etiam
540 2383 605 2446 tum
629 2402 645 2443 a
668 2378 758 2445 nobis
784 2379 899 2457 abfuit,
924 2380 950 2444 si
974 2379 1095 2465 quando
1119 2380 1156 2446 ad
1179 2380 1239 2446 alie
1263 2403 1315 2445 vo-

305 2513 453 2579 orbamur.

350 2645 457 2723 Vidit,
480 2647 593 2733 optime
614 2645 714 2722 freter,
736 2645 801 2710 vita
821 2649 924 2710 nostra
943 2645 1005 2730 jam
1027 2665 1074 2709 res
1093 2643 1224 2721 multas,
1239 2665 1315 2729 qnae

305 2780 349 2844 ita
376 2776 415 2842 ad
440 2778 601 2863 utriusque
624 2783 762 2842 nostrum
786 2775 834 2842 ael
858 2776 990 2842 dolorem
1012 2775 1060 2842 vel
1082 2777 1228 2864 gaudium
1250 2798 1317 2863 per·

306 2912 454 2990 timerent,
477 2917 513 2976 ut
535 2912 574 2976 iis
599 2912 800 2978 communiter
823 2915 853 2976 et
876 2910 1060 2998 perferendis
1083 2915 1114 2976 et
1129 2909 1316 2997 perfruendis

306 3047 419 3110 arctius
442 3045 644 3134 jungeremur.
691 3047 730 3110 In
757 3043 863 3111 multis
886 3046 977 3110 etiam
1001 3043 1105 3122 rebus,
1128 3067 1204 3130 quae
1226 3044 1316 3109 alter-

307 3184 407 3244 utrum
441 3185 577 3245 nostrum
613 3179 661 3244 vel
695 3179 827 3266 affligere
857 3178 903 3244 rel
927 3177 1093 3244 exhilarare
1117 3177 1315 3253 videbantur,

306 3335 368 3378 non
399 3313 526 3400 separati
556 3313 689 3378 fuimus:
718 3313 770 3378 sed
798 3311 876 3378 alter
898 3311 1023 3378 alterius
1047 3312 1120 3376 iecit
1143 3333 1190 3376 res
1212 3311 1316 3375 tristes

249 3421 252 3428 .
306 3445 491 3511 consolando
525 3444 755 3531 adjuvandoque
789 3442 1024 3521 tolerabiliores,
1057 3467 1214 3532 prosperos
1246 3465 1316 3508 vero

307 3580 438 3646 laetitiae
471 3579 683 3644 communione
716 3577 865 3644 laetiores.
912 3579 1032 3643 Natura
1058 3600 1115 3644 nos
1145 3579 1316 3644 arctissimo

309 3714 431 3780 vinculo
467 3713 641 3800 copulavit:
675 3713 893 3778 confirmarunt
921 3735 937 3776 a
965 3713 1078 3778 teneris
1101 3712 1133 3776 id
1156 3709 1316 3776 vinculum

307 3847 381 3912 fides
412 3851 442 3911 et
472 3847 598 3924 caritas,
628 3867 705 3932 quse
732 3867 801 3910 oum
825 3849 922 3911 aetate
945 3826 1035 3910 simul
1060 3850 1226 3910 creverunt.
1272 3844 1317 3908 llo

307 3981 436 4046 accessit
458 3980 629 4046 studiorum
654 3980 842 4058 communio,
863 3980 1030 4044 eommunis
1047 3979 1215 4058 sententia,
1235 4000 1319 4042 eona-

309 4115 409 4181 munis
432 4115 529 4180 ardor.
574 4114 632 4181 Est
650 4115 714 4200 jem
736 4116 906 4180 animorum
929 4120 1103 4180 nostrorum
1123 4113 1266 4200 cognatio
1287 4116 1319 4176 et

310 4250 496 4335 conjunctio.
541 4250 703 4336 Quumque
734 4249 833 4314 animo
857 4249 953 4336 magis
980 4248 1116 4313 vivamus
1138 4269 1227 4332 quem
1252 4267 1319 4310 eor-
