2972 4974
308 403 369 464 120
715 425 916 469 nuuorarro.

304 600 328 667 δ’
350 601 388 669 eir
421 606 512 670 etiam
546 605 617 672 elici
650 613 768 694 posset,
801 607 828 672 si
861 607 983 692 quidem
1018 629 1040 672 οο
1071 609 1162 674 etiam
1192 628 1259 670 cum
1291 631 1319 670 ει

306 745 393 810 saepe
424 747 563 812 magnam
599 725 833 792 similitudinem
867 725 976 792 habet:
1013 732 1047 792 ut
1081 727 1162 792 idem
1194 725 1321 791 Bestius

307 843 395 908 docet
418 865 446 930 p.
470 848 543 910 706.
589 845 658 910 Jnm
688 846 787 933 igitur
813 847 910 934 magis
934 847 1046 912 crescit
1070 847 1198 910 Orestae
1221 845 1265 910 ira
1287 849 1323 908 et

306 961 494 1049 indignatio,
526 969 561 1029 ut
592 965 643 1029 vix
673 965 764 1031 verba
794 967 923 1053 reperire
947 966 1007 1033 sibi
1032 966 1186 1043 videatur,
1208 963 1323 1052 quibos

305 1103 340 1146 ea
362 1103 438 1167 qnae
459 1084 553 1148 sentit
576 1083 742 1171 exprimere
763 1085 869 1172 possit.

352 1203 427 1264 418.
472 1199 552 1277 ἣτνέ
575 1225 638 1283 τερ.
685 1203 745 1268 Pro
775 1201 823 1267 his
855 1202 1017 1269 Turnebus
1047 1199 1205 1286 ὦτάτεοε
1240 1207 1325 1267 certe

307 1315 482 1384 ascholio:
516 1320 640 1386 minime
670 1319 763 1399 male,
795 1323 847 1388 sed
877 1345 894 1386 a
922 1323 1012 1388 libris
1034 1345 1095 1386 non
1120 1321 1325 1388 recedendum

308 1438 421 1521 putavi.

354 1559 428 1619 419.
472 1553 566 1638 ἄχεα.
613 1545 699 1624 Libri
722 1558 838 1640 οἶχθεοο,
861 1561 913 1626 sed
940 1565 1022 1626 recte
1043 1561 1235 1626 emendatum
1258 1562 1326 1636 est;

311 1673 474 1742 scholiasta
497 1675 534 1740 ad
557 1677 597 1743 rab
620 1700 662 1743 vs.
687 1682 750 1742 420
775 1679 883 1746 scribit
906 1680 948 1746 τοὶ
970 1677 1044 1761 ἄχη.

356 1797 429 1860 419.
474 1794 543 1877 τρός
566 1819 605 1874 γε
626 1803 683 1861 τῶν
710 1797 878 1877 τεκομένων.
925 1799 1006 1864 Sunt
1036 1799 1088 1883 qui
1121 1801 1327 1884 Agamemno-

311 1935 379 1979 nem
403 1919 434 1980 et
456 1915 725 2000 Clytaemnestram
745 1919 910 2004 significari
934 1919 978 1982 ita
997 1921 1122 2005 putent,
1145 1922 1180 1981 ut
1200 1917 1327 1980 Orestes

312 2057 344 2098 se
367 2033 404 2098 ab
427 2034 522 2098 altero
552 2036 664 2099 sentiat
693 2037 786 2122 premi
810 2041 932 2124 propter
955 2037 1111 2101 vindictae
1133 2035 1271 2100 studium
1295 2038 1329 2096 et

312 2175 419 2242 graves
442 2154 555 2231 minas,
579 2155 605 2217 si
629 2155 661 2219 id
686 2155 837 2242 negligat,
860 2155 899 2222 ab
921 2154 1016 2221 altera
1041 2177 1110 2220 vero
1135 2155 1222 2220 sein
1245 2154 1327 2219 exsi-

313 2271 388 2338 lium
412 2273 539 2357 ejectum
572 2295 644 2338 esse.
692 2274 807 2338 Verum
837 2275 1029 2362 significatur
1057 2276 1147 2339 unice
1169 2273 1328 2359 Clytaem-

315 2395 416 2456 nestra
445 2392 577 2456 nomime
604 2392 778 2471 τεκομένων,
809 2415 865 2458 nec
893 2392 1012 2458 dolores
1035 2393 1087 2458 alii
1111 2393 1329 2480 significantur

313 2514 431 2597 praeter
461 2512 557 2598 ipsam
587 2533 690 2576 necem
722 2513 819 2598 patris
851 2535 960 2597 easque
990 2535 1054 2591 res,
1083 2535 1161 2597 quae
1191 2533 1261 2576 eum
1294 2531 1330 2574 ea

314 2631 495 2715 conjunctae
516 2636 609 2695 erant.

361 2753 435 2815 422.
481 2749 575 2830 θυμὸς.
621 2752 673 2815 Ira
695 2772 769 2815 mea.
803 2750 894 2815 Licet
916 2749 1173 2836 Clytaemnestrae
1196 2748 1332 2813 mulcere

316 2867 436 2945 conari,
467 2891 543 2954 quae
573 2868 664 2934 semel
686 2869 776 2935 nobis
798 2892 872 2934 nece
895 2870 990 2956 patris
1013 2869 1093 2934 mala
1114 2867 1242 2933 intulit:
1277 2889 1331 2932 ve-

314 3010 382 3053 rum
413 2986 561 3072 ejusmodi
592 3011 627 3052 ea
656 2988 734 3052 mala
759 2992 852 3074 sunt,
882 2992 918 3052 ut
940 2988 1075 3076 mitigari
1104 3009 1167 3052 non
1191 2985 1330 3073 possint3

313 3109 360 3172 ira
389 3129 468 3185 mea,
503 3107 568 3193 lupi
598 3106 723 3184 similis,
754 3107 887 3194 mitigari
918 3129 949 3172 se
980 3129 997 3170 a
1029 3111 1122 3172 matre
1153 3128 1214 3170 non
1240 3106 1329 3170 sinit.

315 3228 366 3291 Ita
396 3228 475 3291 enim
506 3228 538 3291 ἐκ
567 3225 678 3308 carpta
709 3226 746 3291 ad
777 3223 902 3298 ἄοκντος
934 3226 1083 3312 pertinere
1106 3226 1266 3303 existimo,
1298 3227 1331 3290 οὐ

315 3346 446 3412 caluerat
477 3348 509 3411 ἐκ
531 3347 541 3410 i
566 3369 589 3410 e.
613 3345 669 3412 ὑπὸ
692 3345 812 3428 carpta.
858 3345 1036 3423 Cernimus,
1067 3366 1201 3408 crescere
1223 3343 1331 3408 odium

244 3507 247 3522 ι
317 3466 390 3543 filii,
420 3489 438 3530 a
460 3465 562 3531 Chore
584 3471 616 3530 et
638 3465 760 3531 Electra
791 3469 822 3530 et
848 3487 904 3530 suo
927 3465 1025 3552 ipsius
1048 3465 1163 3552 impetu
1187 3465 1331 3528 incitati:

317 3608 388 3650 mox
411 3586 500 3650 etiam
525 3586 621 3672 magis
645 3607 687 3650 vs.
713 3589 786 3649 425.
831 3585 878 3649 Cl.
897 3606 972 3668 quae
994 3584 1138 3670 scripturi
1162 3605 1269 3647 sumus
1292 3582 1330 3647 ad

318 3709 371 3768 vs
385 3707 457 3769 973.
503 3703 639 3768 Conatus
669 3709 770 3768 autem
793 3702 1052 3788 Clytaemnestrae
1073 3701 1228 3766 mulcendi
1252 3703 1332 3766 mala

316 3823 508 3909 significatur
532 3823 632 3888 missis
655 3822 782 3887 inferiis.

362 3946 435 4008 423.
481 3941 585 4022 ἔκοψα.
632 3943 727 4007 Recte
750 3941 928 4006 restitutum
951 3963 988 4006 ex
1012 3940 1048 4004 M
1071 3961 1125 4026 pro
1148 3939 1246 4020 ἔκοψε.

363 4065 435 4126 423.
476 4060 583 4141 Ἄριον.
630 4062 681 4125 Sic
697 4061 828 4126 editores
845 4059 1014 4124 novissimi:
1038 4081 1095 4124 neo
1113 4081 1234 4145 pugno:
1259 4058 1330 4124 libri

313 4180 435 4263 Ἄρειον.
481 4178 651 4246 Scholiasta
678 4179 810 4267 explicat
833 4179 979 4260 nepotata.
1027 4178 1196 4254 Existimo,
1220 4177 1331 4242 Medos
