3030 4978
409 507 673 556 runnuenunnuro
706 508 841 556 murus.
876 507 878 514 ’
1088 494 1129 556 53

140 693 227 776 cisque
251 698 400 758 carentem
423 693 499 756 mori
524 691 702 775 aliquando,
724 691 801 756 male
823 696 1006 757 maceratum
1029 693 1130 778 perni-

139 811 207 874 cioso
227 811 358 876 interitu.
392 811 577 895 Hujnsmodi
597 833 668 898 ergo
688 810 819 876 oraculis
838 811 989 876 confidere
1001 817 1129 898 oportet.

139 926 240 1000 Quodsi
261 951 322 994 non
346 929 544 1008 confiderem,
567 933 668 993 tamen
692 931 811 994 lacinus
835 929 1052 1016 perficiendum
1076 935 1129 994 est.

139 1045 241 1111 Multae
261 1049 338 1112 enim
359 1049 391 1112 in
402 1047 482 1112 idem
494 1047 663 1112 concidunt
675 1049 892 1134 cogitationes,
904 1047 1022 1132 Deiquc
1030 1048 1129 1131 jussa,

138 1169 161 1229 et
177 1188 297 1252 magnus
318 1166 423 1231 luctus
447 1171 569 1252 propter
591 1145 705 1252 patrem
729 1171 906 1252 susceptus,
929 1170 960 1231 et
978 1167 1204 1252 praeterea300

137 1305 172 1348 ne
187 1287 290 1370 premit
308 1285 454 1372 pecuniae
473 1285 589 1371 inopia,
605 1307 644 1350 ne
665 1286 745 1350 cives
765 1285 926 1350 clarissimi
942 1285 1128 1361 mortalium,

135 1403 176 1486 qni
200 1403 319 1488 'lrojam
345 1403 479 1490 glorioso
504 1402 633 1468 consilio
656 1408 845 1482 everterunt,
868 1403 985 1468 duabus
1007 1404 1128 1468 feminis

36 1605 37 1608 Ἴ
135 1522 169 1584 010
193 1529 322 1608 pareant.
369 1522 450 1586 Nam
482 1522 602 1586 animus
635 1522 700 1606 ejus
731 1522 887 1588 muliebris
915 1528 979 1588 est:
1004 1544 1042 1586 an
1066 1544 1127 1586 11011

36 1609 37 1632 i

37 1693 38 1708 .
137 1640 182 1717 sit,
200 1663 268 1706 mox
289 1641 452 1728 intelliget.

174 1761 285 1826 Otorca.
333 1760 449 1824 Verum
467 1783 485 1826 0
501 1783 626 1848 magnae
644 1781 768 1847 parcae,
786 1759 942 1826 voluntate
954 1761 1042 1826 Jovis
1053 1759 1128 1826 hoec

136 1877 171 1940 ita
190 1880 341 1955 eveniant,
363 1899 423 1963 qna
443 1878 575 1943 Justitia
592 1881 701 1966 pergit.
735 1879 794 1944 Pro
813 1879 919 1966 lingna
937 1880 1048 1944 infesta
1066 1879 1127 1942 lin-

135 2018 184 2080 gua
208 1998 316 2064 infeste
347 1999 419 2063 fiat:
452 1997 585 2062 debitum
618 1999 744 2085 exigens
768 1999 891 2084 justitia
914 1998 974 2062 alte
998 1995 1202 2063 clamat:310

134 2119 158 2177 et
183 2138 231 2202 010
260 2119 325 2182 ictu
353 2115 460 2181 lethali
483 2117 580 2182 ictum
603 2115 745 2182 lethalem
767 2117 919 2203 rependat.
948 2116 1125 2195 1111110011,

133 2230 193 2298 huic
212 2236 386 2322 patiendum
410 2259 490 2314 csse,
514 2235 572 2301 1100
598 2235 823 2301 vetustissimus
846 2258 943 2301 sermo
967 2236 1053 2300 dicit.

172 2355 214 2418 Or.
258 2356 286 2419 Ο
309 2359 408 2442 00101,
430 2355 537 2420 infelix
559 2359 661 2440 pater,
685 2355 759 2438 quid
780 2354 837 2420 tibi
857 2338 962 2420 dicens
982 2360 1035 2420 ant
1050 2355 1125 2440 quid

133 2471 229 2538 faciens
252 2498 268 2540 e
290 2497 322 2540 re
344 2476 443 2540 fecero
467 2497 483 2538 e
505 2475 689 2560 longinquo,
714 2473 767 2540 ubi
792 2481 822 2540 te
844 2473 957 2540 habent
976 2474 1124 2542 thalami?

133 2589 260 2657 'l'enebris
283 2593 338 2658 lux
361 2597 408 2658 est
430 2613 505 2678 par,
534 2597 565 2656 et
586 2592 698 2678 gaudia
720 2593 859 2658 similiter
881 2593 1030 2681 appellate
1053 2597 1202 2661 00111310

34 2737 35 2784 l
132 2708 206 2775 fietus
226 2710 337 2777 nobilis
359 2712 493 2789 Atridis,
516 2712 653 2798 pristinis
676 2711 795 2777 aedium
821 2712 960 2778 dominia.

172 2831 233 2895 clo.
276 2831 324 2895 Mi
355 2830 413 2908 fili,
443 2831 578 2896 animum
599 2832 713 2896 mortui
736 2853 800 2895 non
823 2831 926 2896 domat
948 2832 1032 2918 ignis
1051 2833 1125 2898 dens

34 2997 35 3000 ¹
134 2967 226 3027 10101,
257 2973 360 3016 verum
392 2951 527 3016 ostendit
558 2955 662 3037 posteo
692 2951 761 3014 iras.
808 2950 946 3016 Defletnr
976 2952 1125 3028 moriens,

34 3061 35 3064 '
134 3066 177 3130 sed
204 3075 321 3157 apparet
352 3091 458 3135 rursus
488 3091 610 3134 nocens.
656 3070 765 3135 Justus
798 3071 834 3136 de
857 3071 993 3156 patribus
1015 3093 1051 3135 ac
1073 3093 1125 3158 pa·

33 3237 34 3240 ,
133 3187 252 3256 rentibus
275 3190 365 3256 fletus
388 3189 523 3273 exquirit
546 3189 665 3266 omnia,
687 3190 852 3254 immensus
875 3189 1025 3254 turbatus.
1138 3190 1202 3251 330

34 3285 35 3290 ¹
169 3305 215 3373 111.
258 3308 340 3374 Audi
370 3329 458 3386 vero,
485 3313 585 3394 poter,
608 3309 764 3394 pervices
787 3309 890 3374 fletum
913 3309 1125 3393 lacrymosum.

133 3421 262 3494 Binorum
294 3428 457 3494 liberorum
490 3428 548 3494 tibi
572 3427 750 3515 sepulcralis
772 3429 875 3494 lnctns
899 3429 1031 3514 gemitus
1054 3429 1126 3492 edit.

134 3541 265 3614 Tumulus
301 3548 453 3635 supplices
488 3549 603 3634 recepit
633 3547 813 3632 exsulesque
846 3547 994 3612 similiter.
1041 3545 1125 3618 Quid

133 3657 223 3730 horum
254 3665 350 3732 bene?
381 3666 456 3751 quid
487 3668 553 3732 sine
583 3665 693 3731 malis?
722 3689 826 3732 nonne
853 3667 986 3730 omnium
1011 3687 1127 3730 summe

134 3780 292 3853 calamitas?

172 3905 234 3969 010.
279 3906 395 3970 Verum
419 3905 508 3969 etiam
532 3928 570 3971 eu
595 3905 643 3970 his
668 3906 752 3970 Deus
777 3905 803 3970 si
826 3905 909 3970 volet
932 3905 1203 3971 1011110000310

132 4014 272 4100 laetiores,
305 4029 336 4089 et
370 4045 423 4109 010
459 4026 534 4088 110111
570 4024 731 4110 sepulcrali
763 4047 857 4110 paean
887 4025 940 4109 qui
971 4026 1006 4089 in
1037 4025 1126 4089 domo

135 4139 203 4222 regio
222 4147 346 4208 canatur
368 4148 517 4208 recentem
543 4144 674 4210 amicum
699 4144 832 4229 recipiet.

172 4259 215 4323 Or.
235 4260 360 4327 Utinam
385 4262 465 4326 enim
488 4261 544 4328 sub
570 4261 631 4326 Ilio
651 4260 688 4326 ab
708 4262 811 4346 aliquo
828 4263 1012 4347 Lyciorum,
1032 4267 1125 4352 pater,
