2972 4974
344 435 390 497 ,96
751 449 949 496 uunorurro.

349 636 470 697 secutus
493 631 683 708 (turneham,
707 631 803 696 edidit
826 630 882 706 ἠδὲ.
918 631 1033 697 Verum
1049 631 1128 696 illud
1143 632 1276 711 retineo,
1299 656 1354 698 nec

349 751 386 816 ad
408 751 479 827 ἰδοῦ,
500 750 553 816 sed
575 751 613 816 ad
636 748 716 831 ἔργον
738 751 888 838 pertinere
903 752 1063 827 existimo,
1087 773 1120 816 eo
1136 750 1244 828 modo,
1268 773 1352 836 quern

348 871 380 934 in
411 870 661 957 interpretatione
692 869 818 934 osmudi.
870 869 1010 934 Ceterum
1042 868 1207 935 scholiasta
1238 875 1355 946 monet,
1472 893 1473 927 r

346 1011 408 1054 non
442 988 599 1054 ostendere
629 988 765 1054 Orestem
796 988 829 1053 id
857 988 1000 1075 pallium,
1029 1010 1090 1072 quo
1121 1011 1204 1054 nnnc
1228 989 1354 1055 indutus

347 1113 437 1185 esset,
468 1109 520 1174 sed
543 1107 644 1186 eliud,
675 1107 756 1192 quod
788 1129 825 1172 ex
848 1107 978 1196 pueritia
1001 1113 1155 1174 servatum
1178 1131 1279 1174 secum
1304 1108 1354 1172 ad·

349 1226 486 1293 duxerit:
511 1249 607 1312 neque
630 1226 664 1291 id
689 1224 835 1313 improbo.

394 1349 466 1411 233.
511 1344 584 1412 ἔνδον
614 1351 707 1422 γενοῦ.
761 1343 901 1431 Xenoph.
935 1343 1032 1410 Anab.
1063 1345 1099 1410 L.
1129 1346 1147 1410 I
1175 1367 1199 1411 c.
1230 1346 1277 1410 IV
1314 1349 1351 1411 17

348 1466 362 1530 ὁ
384 1464 536 1546 Κλέαρχος
559 1466 587 1528 ἐν
610 1464 703 1546 ἑαυτῷ
726 1463 849 1541 ἐγένετο.

394 1587 466 1648 233.
512 1585 554 1658 ul
571 1585 728 1664 ’κτλανῇα
774 1583 812 1646 Iu
840 1581 875 1646 M
901 1583 1093 1660 μῆκτλαννῆ,
1124 1587 1154 1646 et
1176 1582 1209 1646 in
1231 1581 1354 1664 reliquis
1472 1655 1473 1680 ἶ

348 1703 438 1766 etiam
461 1700 547 1766 libris
570 1707 711 1787 corrupta
733 1701 892 1786 scriptura.

394 1825 466 1886 234.
510 1821 575 1893 τοὺς
598 1819 770 1903 φνλτοὶτονς.
817 1819 978 1884 Proximos
1003 1819 1185 1905 cognatione
1208 1840 1279 1882 saue
1302 1840 1354 1904 po-

347 1941 411 2005 tius
433 1961 522 2024 qnam
545 1941 677 2004 caritate.
710 1939 925 2004 Verumtamen
944 1937 1084 2003 similiter
1102 1937 1354 2022 Clytaemnestra,

348 2059 474 2124 Flumen.
500 2061 580 2122 100:

481 2179 615 2242 παθοῦσα
637 2174 660 2240 δ’
683 2172 754 2242 οὕτω
777 2176 855 2241 δεννοδ
877 2175 945 2255 τρδς
967 2179 1023 2241 τῶν
1045 2174 1208 2258 Φιλτοὶτων.

349 2297 390 2362 Et
408 2294 499 2360 Choe.
520 2300 582 2360 616
605 2295 707 2380 Scylla
730 2293 828 2359 salute
851 2293 963 2380 spoliat
982 2299 1109 2380 patrem,
1135 2298 1224 2376 φῶτα
1238 2292 1332 2376 Φίλαν.

394 2419 466 2480 238.
511 2413 603 2494 ὄμμα.
650 2413 871 2479 Valckenarius
891 2413 928 2476 ad
947 2412 1051 2499 Enrip.
1070 2410 1182 2477 Phoen.
1202 2415 1266 2476 415
1288 2433 1355 2478 sua-

349 2533 400 2598 det
424 2538 459 2598 nt
482 2533 632 2598 scribatur
655 2531 762 2611 ὄνοροαε
800 2553 856 2596 nec
888 2532 953 2596 siue
984 2552 1088 2610 causa,
1120 2553 1212 2614 quum
1234 2530 1356 2596 Electra

349 2651 490 2739 deinceps
521 2653 676 2738 patrisque
705 2654 735 2714 et
765 2650 870 2714 matris
894 2656 924 2714 et
948 2650 1059 2714 sororis
1088 2655 1118 2714 et
1142 2650 1244 2714 fratris
1267 2648 1356 2714 illum

349 2792 457 2834 nomen
481 2774 510 2834 et
533 2791 661 2834 amorem
681 2767 740 2833 sibi
760 2769 885 2854 implere
905 2767 995 2832 dicat.
1029 2767 1244 2834 Verumtamen
1262 2767 1357 2832 libro·

347 2910 416 2952 rum
449 2888 598 2975 scriptura
631 2886 706 2952 mihi
740 2891 889 2974 praestare
924 2887 1044 2952 videtur
1077 2887 1125 2952 illi
1156 2886 1356 2971 conjecturae.

349 3005 470 3093 Quippe
499 3005 681 3092 compellans
704 3005 827 3070 oculum
853 3006 973 3092 egregie
995 3005 1149 3092 significat
1173 3005 1356 3094 singularem

349 3124 537 3210 adspiciendi
560 3123 714 3189 laetitiam.
749 3123 837 3188 Conf.
856 3121 960 3210 Eurip.
984 3122 1095 3188 Phoen.
1116 3127 1179 3188 312
1201 3122 1294 3206 χρόνῳ
1309 3125 1358 3190 σδν

347 3240 432 3321 ὄμμα
455 3243 608 3325 προσεῖδον.
654 3240 746 3330 Soph.
768 3243 816 3327 Aj.
841 3243 925 3306 1003
949 3237 970 3306 ὦ
993 3241 1143 3308 δυσθέατον
1164 3240 1259 3324 ὅραμα.
1291 3244 1356 3310 Ibi-

350 3361 417 3426 dem
433 3383 502 3426 vero
519 3365 581 3428 977
606 3358 691 3439 ὄμμα
713 3362 756 3425 ita
779 3359 911 3448 positum
929 3360 1063 3438 videtur,
1086 3364 1121 3426 nt
1144 3359 1249 3426 Latini
1265 3367 1356 3449 caput

350 3480 449 3544 dicere
479 3479 595 3544 solent:
629 3501 698 3544 uam
727 3480 831 3564 Ajaeis
861 3501 969 3564 corpus
993 3479 1107 3544 Teucer
1128 3483 1194 3544 tum
1217 3501 1280 3544 nou
1304 3481 1358 3546 ad-

350 3599 483 3686 spexisse
506 3597 641 3676 videtur,
665 3601 745 3663 certe
767 3597 846 3662 illud
869 3594 967 3662 adhuc
990 3603 1053 3662 erat
1076 3601 1222 3685 opertum.
1268 3599 1358 3664 Oete·

350 3738 416 3782 rum
439 3716 477 3780 ed
500 3717 680 3782 sententiam
703 3709 840 3781 Electrae
867 3717 946 3780 conf.
970 3715 1061 3780 Hom.
1085 3716 1123 3780 Il.
1146 3727 1170 3782 Z
1193 3720 1257 3781 429

413 3835 534 3916 Ἕκτορ,
556 3834 633 3915 drap
655 3834 692 3900 σύ
715 3833 766 3913 noi
787 3835 849 3899 ἐστι
872 3835 968 3916 πατὴρ
990 3833 1040 3898 καὶ
1064 3834 1169 3900 τότννα
1189 3836 1286 3917 μήτηρ

414 3953 461 4028 ἠδὲ
483 3951 669 4032 κασίγνητος,
693 3952 729 4018 σὺ
756 3951 785 4017 δέ
808 3976 857 4030 μον
880 3951 996 4034 θαλερὸς
1019 3951 1205 4033 παρακοίτης.

394 4075 467 4136 tlte
511 4069 604 4151 μόνον.
651 4069 737 4135 Libri
756 4068 848 4148 μόνος.
882 4070 973 4142 Quod
993 4070 1135 4136 nonnulli
1153 4072 1302 4150 retinent,
1327 4079 1358 4138 et

349 4210 418 4254 cum
434 4189 495 4268 ἐμοὶ
510 4188 605 4267 σέβας
620 4187 712 4270 φέρων
728 4189 933 4276 conjungunt,
951 4187 1117 4254 scribentes
1134 4210 1225 4277 porro
1244 4189 1357 4274 Κράτος
