2956 4974
561 475 775 531 ΧΟΗΦΟΡΟΙ.

270 673 340 747 ἡμῖν
361 669 415 748 μὲν
437 668 533 749 εύχοῖς
555 666 664 733 τοίσδε·
687 674 746 740 τοῖς
768 667 793 732 δ’
815 665 948 740 ἐναντίοις

268 806 347 884 λέγω
370 803 501 887 Φανῆναί
525 827 592 878 σου,
617 801 727 884 ποίτερ,
749 800 898 884 τιμοίορον,

268 939 317 1003 καί
340 939 405 1012 τοὺς
427 937 587 1010 κτανόντος
610 938 825 1008 ἀντικατθανεῖν
849 935 934 1010 δίκην.

268 1069 353 1137 ταῦτ’
377 1072 405 1136 ἐν
427 1070 507 1151 μέσῳ
529 1069 626 1148 τίθημι
649 1079 702 1147 τῆς
725 1077 817 1144 κακῶς
840 1071 932 1150 οίροῖς,

265 1204 362 1275 κείνοις
383 1201 514 1280 λέγουσα
539 1202 622 1278 τήνδε
644 1203 697 1278 τὴν
719 1203 811 1277 κακῶν
834 1202 914 1283 οῖροίν.

268 1339 336 1416 ἡμῖν
358 1335 388 1399 δὲ
409 1335 526 1414 πομπδς
549 1333 602 1400 ίσθι
625 1341 681 1401 τῶν
705 1337 810 1400 ἐσθλῶν
832 1333 907 1411 θινω,

266 1468 317 1546 ξὺν
339 1469 421 1534 θεοῖσι
445 1472 494 1534 καί
518 1477 558 1551 νῇ
582 1467 632 1533 καί
660 1468 720 1551 δίκρ
742 1468 890 1553 νικαφόρῳ.

267 1601 386 1668 τοιοῖσδ’
409 1599 455 1666 ἐπ’
478 1603 585 1682 εύχαῖς
608 1599 692 1666 τάσδ’
716 1601 875 1666 ἐπισπένδω
898 1599 987 1681 χοοίς.

268 1735 346 1813 ὑμῶς
368 1734 398 1798 δέ
419 1740 555 1806 κωκυτοῖς
577 1731 735 1814 ἐτανθίζειν
758 1732 854 1812 νόμος,

267 1871 381 1932 παιῶνα
402 1871 453 1932 τοῦ
478 1865 607 1938 θανθντος
630 1864 841 1944 ἐξαυδωμένας.

148 2011 223 2066 ΧΟ.
355 1996 412 2064 ίετε
435 1997 523 2080 δοίκρυ
546 1998 679 2078 καναχὲς
703 1997 836 2078 σ’λύμενον

398 2131 522 2212 θλομένω
544 2130 690 2214 δεστθτρι,

361 2264 429 2344 πρὸς
454 2263 549 2343 ἔρυμα
571 2263 635 2330 τθδε
657 2269 753 2329 κακῶν
775 2264 876 2330 κεδνῶν
898 2263 934 2340 τ’,

357 2395 519 2478 οίπθτροτον
541 2394 614 2474 ῶχος
636 2397 823 2477 οίτεύχετον,

355 2528 523 2610 κεχυμένων
545 2534 631 2612 χοῶν.
655 2529 727 2596 κλύε
750 2530 779 2596 δέ
801 2553 865 2608 μοι,
888 2529 979 2605 κλύε,

355 2662 449 2741 σέβας
471 2658 493 2728 ὦ
517 2662 662 2741 δέσποτα,
686 2663 719 2740 ἐξ
741 2665 878 2743 οίμαυροῖς
901 2662 1014 2746 φρενός.

354 2797 627 2862 ὀτοτοτοτοτοτοτοῖ·
653 2795 685 2862 ίὸι
707 2821 751 2869 τις
776 2797 850 2878 δορυ-

355 2928 450 3002 σθενέρς
473 2928 559 3009 οίνίιρ,
582 2930 730 3010 οίναλυτίρρ
753 2928 864 3007 δύμων,

399 3060 526 3126 Σκυθικοί
550 3057 577 3125 τ’
600 3063 629 3126 ἐν

352 3200 447 3274 χεροῖν
470 3191 618 3259 παλίντον’
642 3195 671 3258 ἐν
694 3193 768 3276 ἔργα
795 3193 871 3272 βέλν

400 3324 566 3392 ’τιτοίλλιον
585 3325 696 3408 Ἄρης,

353 3458 459 3540 σχέδιοί
481 3456 508 3524 τ’
531 3457 691 3525 αύτθκωτα
713 3467 811 3539 νωμῶν
834 3459 917 3544 ξίφη.

150 3603 220 3659 ΗΑ.
266 3591 329 3672 ἔχει
350 3591 404 3670 μὲν
427 3592 478 3670 ἤδη
501 3593 650 3670 γαπότους
671 3594 749 3674 χοίις
773 3596 879 3678 πατήρ.

266 3727 324 3793 νέου
347 3726 376 3791 δέ
397 3727 487 3807 μύθου
509 3727 591 3793 τοῦδε
613 3729 811 3804 κοινωνήσατε.

152 3871 219 3928 ΧΟ.
266 3860 361 3937 λέγοις
384 3859 437 3926 ίίν·
461 3864 593 3943 θρχεῖται
616 3862 646 3926 δέ
669 3863 773 3945 καρδία
795 3862 891 3946 Φόβῳ.

152 4006 220 4061 ΗΛ.
264 3996 315 4077 δρῶ
336 4001 456 4075 τομαῖον
478 3995 557 4062 τθνδε
584 3996 752 4079 βόστρυχον
775 3997 876 4080 τύφῳ.

155 4138 224 4194 ΧΟ.
270 4129 343 4202 τίνος
366 4128 431 4196 τοτ’
454 4131 551 4212 οίνδρδς
575 4131 592 4206 ἢ
616 4129 780 4211 βαθυζώνου
803 4130 901 4212 κύρκς;

150 4273 218 4328 ΗΛ.
265 4262 445 4344 εὐξύμβολον
466 4263 526 4330 τύδ’
548 4263 609 4328 ἐσσί
635 4263 725 4330 ταντί
749 4261 879 4340 δοξσίσαι.
