2972 4974
930 459 1126 504 Annorum.

523 641 701 724 malopem.
748 643 860 708 Verum
880 664 974 728 quum
994 664 1027 706 ee
1047 641 1128 707 dicti

522 763 729 848 significetur,
752 785 813 826 non
834 763 895 826 dici
919 763 1056 849 potuisse
1079 762 1128 846 qni

521 886 731 947 tsemnestram
755 903 891 946 casuram
915 880 1032 946 esseio
1058 901 1128 944 sum*

520 1000 609 1065 aliter
640 999 741 1064 locum
770 999 989 1087 expediendum
1010 999 1128 1064 eristim

522 1125 570 1184 νῦν
602 1117 689 1184 iernen
718 1114 789 1183 sinen
820 1117 868 1182 ἐπὶ
891 1117 973 1200 ξυροῦ
998 1117 1093 1190 πέλας
1118 1119 1128 1202 (

521 1237 623 1301 mulus
642 1237 777 1324 periculo
801 1238 909 1302 anxius
929 1242 959 1301 et
981 1238 1128 1302 festinent

520 1357 636 1420 crimen
661 1377 859 1432 comeare,
890 1357 976 1447 cujus
1004 1356 1125 1420 discrim

519 1475 666 1538 oratione.
711 1475 812 1546 Πέλας
836 1475 873 1539 de
896 1480 1029 1562 tempore
1054 1475 1128 1539 dicti

567 1596 640 1657 884.
687 1594 902 1673 πεπληγμένις.
948 1595 1000 1658 Sic
1021 1593 1098 1658 libri.

521 1713 582 1778 Pro
605 1712 684 1788 δίκην
706 1714 737 1776 in
763 1711 798 1776 M
822 1719 867 1778 est
890 1713 961 1789 δίκη.

567 1835 640 1896 885.
686 1831 757 1910 βοὴν
779 1828 870 1907 ἵστης.
913 1831 1066 1917 Stanlejus
1090 1853 1126 1896 ex

520 1950 641 2016 Theem.
666 1953 729 2016 697

698 2073 852 2146 γυναῖκες,
874 2070 924 2134 οὐκ
946 2067 1075 2150 ἁρήξετ’;
1098 2070 1128 2134 ου’

700 2187 853 2266 adasate

521 2309 552 2370 et
575 2305 701 2370 Lucien.
725 2302 796 2368 Ver.
819 2303 902 2370 Hist.
927 2295 955 2368 ο.
977 2309 1017 2370 26
1042 2306 1056 2371 t
1078 2315 1128 2370 Με

568 2427 641 2488 888.
685 2423 773 2500 λέγω.
819 2424 870 2488 Sic
894 2423 971 2489 libri.
1019 2423 1128 2489 'lumel

568 2544 640 2606 887.
687 2540 710 2606 ol
733 2543 798 2620 eyn.
845 2543 898 2608 Sic
922 2542 1011 2608 Met
1034 2541 1128 2608 Turni

521 2659 657 2747 plerique
679 2660 808 2726 editores
830 2663 1012 2726 recentiores
1036 2659 1060 2726 oi
1083 2661 1129 2739 'ys

568 2783 640 2844 899.
687 2779 703 2856 ἢ
727 2785 853 2858 νικῶμεν.
899 2781 951 2882 Sic
974 2780 1063 2845 libri:
1087 2781 1128 2846 Τι’

521 2899 679 2964 annotatio
701 2899 737 2962 ad
762 2903 835 2964 756.

568 3021 639 3082 899.
686 3016 752 3080 Jam
788 3017 899 3104 apertis
932 3018 975 3082 ite
1011 3017 1128 3083 foribus

520 3137 657 3224 conspici
680 3137 793 3224 possit,
825 3136 948 3202 Orestes
978 3137 1067 3203 metri
1091 3139 1127 3202 cd

519 3257 595 3321 dens
617 3253 766 3342 lbqnitur.

567 3379 638 3440 892.
685 3374 757 3456 τῷδε
779 3373 811 3439 δ’.
859 3373 893 3438 Μ
915 3373 1031 3440 τῶιδεδ’.

567 3497 640 3560 895.
686 3493 809 3559 θανόντα
831 3507 946 3558 mn.
996 3492 1128 3558 Huncn

521 3614 588 3692 der,
610 3617 646 3678 nt
669 3612 830 3700 prodidisti
856 3617 970 3700 petrem
996 3635 1101 3678 meum.

568 3733 641 3796 898.
686 3730 766 3797 τόνδε
788 3729 811 3796 δ’
834 3729 959 3797 αἴδεσαι.
994 3731 1113 3796 Pridem

521 3851 649 3926 ἶήσεται.

569 3974 640 4037 897.
686 3965 773 4052 don.
819 3969 871 4034 Sic
891 3969 965 4036 bene
984 3969 1128 4036 Robortel

521 4091 673 4177 scriptura
704 4092 861 4176 corrupte,
895 4088 979 4154 velut
1009 4089 1041 4152 in
1075 4089 1108 4152 M

521 4209 596 4285 cst,
620 4207 696 4274 elios
720 4229 790 4276 vero
813 4229 849 4274 ex
874 4229 908 4272 eo
933 4208 1040 4276 reterre
1062 4209 1115 4284 ὠὴν
