2956 4974
607 435 806 482 annonario.
1166 423 1208 484 95

253 624 322 686 215.
366 620 500 702 ἐξηύχου.
545 621 598 686 Sic
620 619 657 683 R.
680 619 715 684 Μ
738 625 768 684 ct
790 620 821 684 G
842 618 970 696 ε’ξηθιιον.

252 744 320 806 217.
366 738 614 817 ἐκπαγλουμένην.
659 740 712 804 Sic
731 739 769 804 R.
794 739 829 802 Μ
851 743 882 803 et
903 739 933 803 G
955 739 1207 817 ἕκποογλονμένης.

252 863 321 924 221.
366 859 453 926 Libri
472 857 539 924 κοτ’
561 860 652 924 adecti
673 864 986 940 ποορροομηχοινοροοφῶ,
1011 857 1058 922 vel
1080 857 1186 923 simile

252 982 323 1042 222.
367 979 455 1044 Libri
477 979 593 1056 ἐμοῖσιν.

253 1101 322 1160 224.
367 1098 407 1161 In
439 1097 527 1161 libris
559 1093 625 1162 πάθ’
658 1095 716 1174 ἐγώ
750 1121 784 1160 σε
817 1095 996 1174 προθννέποι,
1029 1093 1077 1160 vel
1104 1095 1210 1159 simile.

215 1213 298 1285 Quod
331 1217 525 1281 retinuerunt
553 1215 623 1294 alii,
654 1221 806 1280 mutantes
834 1221 934 1279 tamen
965 1213 1030 1280 eet
1052 1215 1085 1279 iu
1112 1213 1209 1279 τοῦτ’.

216 1332 319 1398 Verum
349 1341 431 1399 recte
459 1336 580 1399 monuit
610 1334 820 1411 Hermannus‚
849 1334 1103 1421 significationem
1125 1332 1209 1398 verbi

216 1453 383 1532 προθννέπιο,
413 1475 490 1538 quce
519 1458 566 1518 est
595 1453 733 1518 edicendi
763 1452 811 1518 vel
828 1452 974 1537 jubendi,
1003 1450 1040 1517 ab
1064 1451 1211 1517 hocloco

216 1569 333 1636 alienum
355 1593 427 1636 esse.
473 1572 520 1636 ef.
543 1575 649 1658 Agam.
676 1574 739 1635 162
765 1571 852 1637 τοῦτο’
873 1594 913 1634 νιν
934 1571 1121 1650 προσεννέπω.

255 1693 322 1754 225.
367 1690 422 1767 μὲν
443 1686 497 1754 οὖν.
543 1689 745 1754 Emendutuiu
761 1711 815 1775 pro
829 1689 975 1754 librorum
992 1689 1142 1774 scriptura
1157 1689 1211 1766 μὲν

216 1812 272 1872 vn:
292 1809 324 1872 in
343 1809 372 1872 G
389 1816 490 1872 tamen
509 1805 555 1874 οὖν
574 1807 730 1874 alibrando
751 1810 866 1873 factum
890 1831 925 1872 ex
942 1815 998 1874 νῦν.
1024 1807 1096 1872 Alia
1110 1829 1211 1873 emen·

217 1923 291 1991 (letio
313 1933 359 1991 est
381 1951 421 2005 με
443 1932 498 1993 νῦν.

255 2049 324 2110 226.
372 2046 465 2110 Ηιιιιο
482 2051 513 2110 et
526 2051 656 2130 quatuor
672 2009 830 2131 sequentes
842 2068 946 2111 versus
960 2069 995 2110 eo
1007 2045 1113 2111 ordine
1128 2046 1211 2123 dedi,

217 2163 263 2248 qni
281 2170 325 2229 est
350 2165 383 2228 in
407 2164 443 2228 M
462 2170 494 2229 et
516 2166 544 2229 G
571 2175 602 2230 et
632 2166 761 2230 vetustis
783 2164 978 2231 editionibus.
1015 2164 1211 2230 Robortellus

216 2285 307 2346 tamen
320 2304 439 2348 versum
462 2282 655 2364 ἀνεπτερώθης
674 2281 764 2348 habet
780 2289 851 2371 post
864 2305 983 2349 versum
999 2289 1110 2357 σοινπῆς
1124 2283 1212 2347 ἐδελ-

216 2404 276 2480 Φοῖι.
320 2401 429 2466 Postea
444 2400 519 2466 ordo
542 2405 676 2466 moetus
695 2406 754 2466 est:
778 2401 971 2478 Diodorfius,
993 2407 1116 2467 secutus
1129 2401 1211 2468 Hec-

217 2515 321 2596 tbinm,
344 2518 448 2584 babet:
471 2521 572 2602 κουρὰν
589 2558 633 2570 -
655 2521 868 2601 θχνοσκοποῦσοι
887 2559 929 2570 -—
952 2521 1145 2602 ἀνεπτερώθης
1167 2559 1212 2570 -

218 2637 316 2718 νιιὲψοιι
339 2675 382 2688 -
405 2645 525 2712 σοονπῆς.
571 2643 674 2722 Atque
704 2638 782 2703 alius
813 2639 909 2704 aliter.
953 2641 986 2704 Si
1018 2640 1056 2704 cb
1084 2640 1212 2725 antiquo

218 2755 314 2820 ordine
335 2757 487 2835 recedam,
510 2779 617 2841 sequar
640 2756 834 2822 Dindorfium
859 2757 1067 2844 potissimum,
1091 2758 1143 2822 sed
1166 2779 1212 2822 re-

218 2873 334 2938 cedendi
355 2896 417 2939 non
441 2881 488 2941 est
506 2876 571 2940 vise
593 2897 683 2940 causa
706 2875 821 2940 idonea.
866 2876 1006 2940 Ceterum
1032 2875 1211 2940 Dindorfios

219 3011 265 3074 pro
291 2991 455 3074 ξυμμέτρον
486 2995 584 3060 edidit
605 2993 786 3076 ξύμμετρονε
822 2995 859 3059 de
879 3016 938 3078 qua
961 2995 1128 3060 mutatione
1149 3016 1210 3058 uon

218 3111 325 3176 tantum
356 3110 437 3177 nihil
467 3113 601 3188 monuit,
634 3113 686 3177 sed
716 3113 749 3177 in
780 3113 975 3177 annotatione
1004 3114 1094 3178 etiarn
1121 3111 1212 3177 babet

218 3223 378 3313 ξνιομέπρον.
423 3231 524 3296 Etiam
548 3229 713 3296 scholiasta
735 3231 811 3317 legit
833 3231 1012 3318 genitivum.

256 3351 324 3414 229.
369 3350 454 3414 Duos
469 3372 517 3415 res
532 3371 615 3414 nunc
631 3348 766 3416 ostendit
782 3350 925 3416 Orestes:
948 3371 1011 3414 esse
1026 3371 1097 3414 suos
1112 3349 1211 3416 crines

217 3463 254 3530 ita
273 3469 384 3534 similes
406 3468 455 3534 illi
478 3469 640 3546 cincinno,
669 3489 758 3554 qoem
786 3469 818 3533 iu
841 3467 960 3534 tumulo
984 3467 1105 3534 Electra
1126 3489 1212 3555 repe-

104 3668 108 3681 ·
217 3591 302 3666 reret,
330 3593 367 3652 at
394 3589 422 3652 ei
450 3587 627 3674 persuadeat
650 3609 667 3651 a
689 3609 745 3651 sao
768 3587 866 3674 capite
888 3609 952 3652 esse
974 3609 1111 3652 caesum:
1144 3594 1211 3652 tuna

104 3750 108 3763 .
217 3722 277 3768 sero
298 3727 362 3772 esse
385 3727 456 3770 suos
479 3706 578 3770 crines
601 3705 784 3792 cognatione
805 3697 919 3770 similes
935 3705 1048 3770 sororis
1067 3703 1211 3770 crinibus.

104 3774 112 3903 i.

105 3980 112 4043 ι

255 3825 323 3890 230.
367 3823 477 3904 caldas
498 3832 585 3906 τομῇ.
631 3823 666 3888 Μ
690 3827 720 3888 et
742 3823 772 3887 G
794 3822 936 3903 σοοθψοοπο
958 3825 1011 3902 μὴ.

256 3943 324 4006 231.
368 3941 435 4008 ἰδοῦ.
481 3939 568 4006 Libri
591 3940 656 4008 ἰδοὺ.

106 4060 115 4203 ι
257 4061 324 4124 282.
367 4061 477 4142 θήρειον.
521 4060 608 4125 Libri
631 4058 735 4141 θηρίον,
760 4057 921 4124 Turnebus
943 4059 1056 4140 θηρθων,
1083 4082 1211 4146 eumque

220 4176 305 4241 enati
337 4184 410 4243 sunt
443 4177 573 4243 editores
607 4177 749 4265 plerique
795 4178 856 4243 Pro
886 4177 925 4252 εἷο
954 4177 984 4242 δὲ
1016 4178 1211 4258 Diodorlias,
