2974 4982
549 577 749 622 Annonnnno.
1087 565 1149 628 113

134 767 205 831 Jam
230 765 266 831 ed
290 787 337 830 me
359 765 478 830 sonitus
500 761 585 827 venit
608 759 780 824 vindictae:
805 759 866 844 jam
891 764 1059 848 praesentio
1084 763 1149 830 vin·

134 884 268 949 dictem:
291 884 343 949 sed
366 883 477 948 liberos
500 879 553 946 ille
569 879 689 944 sonitus
705 879 829 968 propius
845 881 973 967 attingit
988 904 1076 967 quem
1094 907 1148 948 me.

182 1006 256 1069 375.
301 1002 404 1077 διπλῆς
427 999 592 1082 μοιροέγννς.
638 999 752 1063 Noster
775 1003 882 1086 Agem.
907 1003 970 1064 642

317 1121 406 1202 διπλῇ
428 1117 572 1199 μοὶστιγι,
594 1118 648 1194 τὴν
665 1117 757 1199 ”Anno
780 1124 873 1202 Φιλεῑ.

136 1240 181 1305 ne
204 1238 295 1327 noph.
320 1243 369 1323 Aj.
393 1244 457 1304 νιν

359 1359 440 1423 ποίει
461 1363 570 1441 λιγνρᾷ
592 1353 720 1435 μοίσπιγι
742 1355 841 1439 διπλῇ.

135 1477 259 1550 Quibus
279 1477 355 1542 loeis
377 1499 440 1541 non
457 1477 518 1542 duo
536 1475 656 1562 flagella
675 1475 905 1563 significentur,
927 1477 1056 1541 intense
1074 1499 1151 1565 pog-

135 1597 257 1674 nantia‚
287 1596 340 1661 sed
363 1617 457 1661 unum
480 1594 650 1682 flagellum,
684 1594 801 1681 duplici
825 1597 944 1660 senties
966 1597 1150 1662 instructum

134 1721 168 1781 et
190 1717 314 1803 gravius
338 1715 504 1780 verberans.
550 1714 621 1779 Alia
646 1712 737 1798 hujus
761 1712 822 1778 loci
844 1715 923 1780 ratio
945 1721 1000 1782 ent.
1046 1717 1151 1804 Signi-

136 1835 270 1899 ficantur
293 1835 354 1898 duo
374 1832 511 1920 flagella,
533 1832 665 1897 intense
684 1837 871 1918 pugnaturn:
895 1834 932 1899 ab
955 1833 1048 1899 altere
1066 1840 1150 1922 pente

136 1975 259 2028 eornm,
281 1954 334 2037 qui
358 1955 612 2039 Agamemnonem
637 1955 738 2016 essent
761 1950 913 2036 adjuturi,
942 1952 963 2016 i.
987 1976 1010 2018 e.
1034 1953 1150 2020 ulturi:

136 2070 175 2136 ab
202 2070 298 2136 altere
328 2092 398 2136 vero
430 2069 571 2158 Aegisthi
602 2075 632 2135 et
662 2069 925 2155 Clytaemnestrae.
971 2072 1027 2137 Est
1056 2075 1153 2160 igitur

137 2191 182 2256 sio
205 2190 355 2278 positum,
379 2194 414 2254 ut
436 2189 525 2263 διπλῆ
547 2187 614 2270 χεὶρ
636 2188 716 2276 apud
740 2187 833 2276 Soph.
851 2193 925 2255 Ant.
940 2187 997 2255 M.
1032 2193 1151 2258 Rursus

138 2309 227 2375 aliter
252 2313 315 2375 937

361 2427 480 2500 διπλοῦς
502 2427 588 2506 λέον,
611 2426 728 2499 διπλοῦς
747 2426 849 2509 Ἄρης.

183 2551 258 2614 376.
302 2552 359 2612 τῶν
380 2547 435 2626 μὲν
456 2546 571 2627 epoto).
618 2545 838 2633 Significantur
870 2547 923 2611 Dii
954 2548 1056 2627 inseri,
1087 2573 1149 2616 non

139 2665 281 2731 Orestes:
316 2667 341 2729 si
366 2666 488 2730 Orestes
511 2664 751 2752 significaretur,
772 2687 835 2729 non
859 2665 920 2730 dici
943 2673 1045 2753 posset
1068 2672 1151 2734 soni-

137 2790 188 2849 tus
220 2785 257 2849 nd
285 2784 397 2850 liberos
427 2784 530 2849 venire
559 2783 698 2871 propius,
728 2783 779 2849 sed
811 2807 827 2848 a
857 2783 959 2850 liberis
990 2788 1151 2873 proficisci.

137 2904 297 2970 Voeebnla
319 2904 483 2991 adjuvandi
506 2903 567 2968 fere
586 2904 675 2970 etiem
696 2901 808 2968 hebent
827 2904 1082 2990 significationem
1103 2908 1149 2972 nl-

138 3023 288 3102 nocendi,
316 3023 401 3088 velut
430 3021 460 3087 h.
491 3022 510 3088 l.
541 3020 670 3104 οὶρυγόο,
700 3022 805 3108 Eurip.
835 3022 883 3087 nl.
912 3027 975 3088 138
999 3024 1150 3108 ἐπίκουρος.

139 3142 303 3229 Appositio
327 3141 409 3207 ιιοιτοδ
431 3147 488 3219 γῆς
512 3141 646 3228 pertinet
667 3141 704 3205 ed
726 3146 790 3205 τῶν.

183 3263 257 3327 377.
301 3259 489 3341 κροτούντων.
534 3259 580 3324 Of.
613 3263 675 3325 267
708 3257 777 3340 πρὸς
807 3259 874 3333 τοὺς
896 3266 1095 3341 κροτοῦντος,
1119 3269 1150 3328 et

140 3384 203 3445 716
228 3365 288 3451 τοῖς
310 3383 446 3461 κροτοῦσι
468 3377 620 3458 διομοέτυν.

184 3502 259 3565 378.
305 3503 459 3579 στυγερῶν.
503 3499 595 3584 Apud
630 3495 722 3585 Soph.
755 3500 828 3563 Ant.
866 3503 930 3564 144
963 3499 1082 3567 Chorus
1114 3504 1151 3568 de

139 3617 266 3683 Eteocle
287 3621 317 3681 et
340 3616 487 3702 Polynice
508 3623 568 3682 τοῖν
590 3623 748 3697 στυγεροῖν.

185 3739 260 3800 380.
304 3736 364 3799 Pro
398 3731 434 3807 ὣς
468 3733 522 3798 alii
553 3733 725 3800 maluerunt
754 3731 818 3814 οὗο,
844 3736 927 3820 quod
958 3759 1018 3802 non
1049 3737 1151 3825 probo.

141 3852 187 3918 cf.
209 3853 315 3941 Enrip.
338 3852 414 3918 Heo.
438 3857 502 3918 395

319 3973 405 4038 ὁποῖοι
431 3971 529 4046 κισσὸς
551 3972 629 4054 δρυὸς
651 3971 727 4046 ὅπως
749 3973 829 4047 τῆσδ’
849 3971 962 4053 ἕξομου.

141 4090 203 4156 Ubi
235 4092 346 4178 pariter
378 4092 612 4179 comparationis
640 4091 790 4179 particule
812 4095 969 4179 repetitur.
1005 4095 1064 4160 Pro
1085 4093 1151 4162 ἵκεθ’

23 4293 24 4302 ¹
142 4208 211 4275 libri
233 4207 319 4277 ttcew.

23 4381 24 4388 ,
83 4363 87 4372 ·
187 4333 258 4394 380.
304 4325 379 4412 οἵπερ
401 4355 443 4396 τε.
489 4332 540 4396 Sio
565 4330 644 4397 libri.
690 4330 851 4397 Turnebus
875 4327 993 4416 οἵτεπερ.

1027 4453 1044 4508 8
