2956 4974
351 458 395 519 84
758 475 957 524 auuorarro.

397 657 447 720 75.
491 654 628 734 aracusa
654 655 849 738 ἀμφίπτολιν.
895 655 998 728 Quum
1030 657 1143 742 patriae
1170 658 1349 745 oppugnatio

350 774 557 863 significetur,
579 776 683 860 quaeri
706 781 822 862 potest.
849 797 887 840 an
911 775 1002 840 tuerit
1025 774 1142 842 Chorus
1170 778 1350 864 captivarum

350 894 554 978 'l'rojanarum
601 894 755 979 Stanlejus
779 897 913 960 affirmat.
951 893 1094 973 ursana,
1123 895 1196 960 licet
1218 894 1350 980 opinioni
1459 975 1460 1000 ᾖ

348 1012 376 1078 ei
399 1033 566 1100 repugnare
592 1012 813 1096 quodammodo
841 1011 981 1076 videatur
1003 1014 1182 1098 gravissima
1204 1035 1350 1100 poenaea
1459 1005 1460 1090 l

1459 1109 1460 1140 l

349 1130 511 1198 Priamidis
538 1132 678 1196 inventae
701 1131 814 1196 mentio
840 1134 922 1210 935,
944 1135 974 1196 et
994 1135 1134 1219 egregius
1155 1135 1350 1219 Agamemno-

348 1251 411 1328 nis,
442 1250 582 1327 Orestae,
612 1249 751 1316 Electrae
783 1271 878 1327 amor,
900 1250 955 1335 qni
977 1273 1029 1337 per
1051 1256 1147 1316 totam
1169 1250 1351 1337 tragoediam

348 1369 457 1455 spirat:
480 1372 580 1433 tamen
603 1389 639 1432 er
664 1368 797 1434 Homero
821 1369 895 1434 satis
919 1369 1118 1456 intelligitur,
1144 1393 1233 1455 quem
1256 1375 1351 1436 muta-

347 1487 447 1552 verint
471 1487 607 1574 captivae
629 1508 697 1551 cum
722 1487 786 1553 solo
807 1488 979 1566 caritatem,
999 1489 1025 1552 si
1045 1489 1199 1574 ingentem
1220 1488 1351 1553 dolorem

348 1605 467 1684 videas,
495 1626 556 1691 qno
586 1605 721 1670 Patrocli
752 1609 878 1670 mortem
913 1627 1014 1672 servae
1044 1608 1162 1672 flevisse
1193 1614 1353 1672 narrantur
1459 1675 1460 1702 ¹

347 1723 385 1788 Il.
409 1735 435 1789 Σ
459 1729 510 1788 28.
554 1723 641 1796 Quae
672 1746 742 1789 vero
773 1729 818 1788 est
850 1727 892 1788 54
915 1725 1037 1812 pristini
1057 1725 1226 1812 splendoris
1251 1725 1352 1790 amissi

347 1843 483 1929 querela,
511 1867 549 1908 ex
578 1843 633 1908 illo
656 1865 756 1909 amore
780 1849 811 1908 et
834 1866 850 1908 e
874 1845 973 1908 caedis
997 1844 1190 1910 detestandae
1212 1845 1352 1932 indigna·

346 1961 431 2026 tione
453 1965 484 2025 et
505 1961 615 2048 impiae
640 1961 776 2027 mulieris
800 1962 870 2026 odio
893 1963 1070 2050 profluebat.
1105 1965 1146 2029 Ilt
1163 1987 1248 2044 vero,
1263 1986 1352 2050 quam

346 2078 544 2145 memorabam
571 2102 683 2166 poenae
711 2081 929 2146 Priamidarum
952 2083 1148 2160 mentionem,
1172 2085 1261 2175 etiam
1285 2105 1352 2170 gra·

346 2199 411 2264 vior
433 2221 467 2263 ea
489 2204 550 2276 est,
573 2200 598 2262 si
623 2221 660 2264 ex
676 2204 777 2264 mente
796 2199 915 2264 illarum
934 2201 1153 2286 proficiscitur,
1172 2223 1248 2286 quae
1260 2206 1351 2268 testes

345 2317 411 2402 ejus
432 2319 553 2382 fuerant
576 2323 606 2382 et
629 2340 682 2405 per
706 2340 769 2382 eam
793 2320 969 2384 servitutem
993 2321 1178 2385 invenerant.

392 2439 443 2502 87.
488 2437 604 2518 τύμβῳ.
651 2438 796 2523 (Ξτύφῳ
826 2439 869 2514 δὲ,
903 2439 938 2504 Μ
961 2441 1058 2517 idem,
1087 2440 1240 2528 adscripto
1272 2436 1352 2520 οἶμοι
1459 2491 1460 2522 ρ

344 2555 460 2637 τύμβοι·

391 2679 442 2740 94.
485 2677 522 2747 ὥς
545 2675 628 2753 τόμος
652 2699 679 2742 κ.
703 2699 731 2742 τ.
759 2690 789 2742 λ.
824 2676 888 2742 Alii
909 2677 945 2742 de
964 2679 1139 2763 conjectura
1156 2679 1281 2744 minime
1300 2678 1351 2744 ab

345 2793 455 2858 surda:
478 2795 515 2866 ὡς
538 2793 620 2872 νόμος
644 2794 774 2877 βροτοῖς,
798 2795 875 2860 ἔσθλ’
897 2797 1067 2864 ἀντιδοῦναι.
1093 2798 1205 2863 Verum
1224 2799 1352 2864 οὶντοδοῦ-
1459 2815 1460 2894 ρ

344 2935 390 2976 aar
414 2912 575 2999 dupliciter
597 2915 731 3000 positum
754 2913 887 2994 videtur,
911 2916 995 3001 prius
1018 2915 1154 2982 absolute
1176 2918 1242 2982 sine
1262 2939 1350 2994 casu,
1459 2971 1460 3000 ρ

344 3053 397 3118 par
428 3032 494 3117 pari
525 3031 673 3098 referendi
708 3032 947 3120 significatione,
977 3040 1081 3122 postea
1112 3057 1180 3102 vero
1203 3037 1351 3123 recipiens
1459 3087 1460 3096 ,

343 3151 550 3216 accusativum
572 3150 653 3216 δόσιν.

389 3272 439 3333 95.
484 3268 591 3353 στέφη.
638 3271 723 3334 Serta
747 3271 808 3334 tere
827 3292 896 3335 oum
916 3270 1062 3337 libatione
1078 3271 1240 3357 conjuncta
1256 3273 1351 3338 fnisse
1459 3295 1460 3306 ¹

342 3389 414 3452 salis
444 3391 549 3452 nolum
581 3393 642 3464 est,
667 3389 750 3454 velut
776 3389 857 3476 apud
879 3389 971 3477 Soph.
997 3390 1044 3456 nl.
1068 3395 1141 3456 895.
1176 3391 1280 3464 Quum
1304 3399 1349 3458 ta-

341 3527 410 3571 men
443 3506 613 3592 Aeschylus
643 3512 683 3574 87
720 3507 849 3595 appellet
882 3509 979 3590 χοοὶς,
1014 3514 1064 3584 974
1089 3508 1219 3587 γοέτοτοο
1245 3513 1349 3592 χύσιν,

342 3628 407 3690 104
423 3625 571 3702 γοοτότοος
593 3624 686 3706 χοοὶς,
711 3629 773 3692 109
791 3627 909 3694 dicatur
932 3628 1058 3709 χέοοοοο,
1083 3627 1140 3694 hoc
1163 3629 1231 3694 loco
1250 3629 1348 3713 στέφη

339 3744 466 3809 fortasse
496 3744 590 3830 ipsam
622 3750 742 3809 tantum
766 3744 942 3812 libationem
967 3748 1128 3834 significat.
1162 3748 1240 3812 Sane
1262 3747 1347 3812 verbi
1459 3821 1460 3824 Ἴ

337 3861 457 3946 στέφειν
478 3886 496 3927 a
517 3863 672 3928 tundendo
695 3886 758 3928 non
778 3864 905 3930 alienam
929 3867 1182 3953 significationem
1207 3888 1271 3932 esse
1295 3889 1347 3952 ap·

336 3984 420 4067 paret
438 4003 474 4046 ex
496 3980 659 4048 Homerico
678 3991 818 4064 κρητῆρος
838 3981 1041 4065 ἕτεοτέψοοντο
1058 3992 1166 4060 ποτοῖο,
1179 3984 1217 4050 Il.
1230 3987 1257 4049 A
1270 3986 1345 4051 470.

378 4102 429 4162 95.
474 4124 509 4164 τε
531 4099 597 4164 Alii
621 4100 657 4165 de
680 4103 853 4185 conjectura
878 4124 923 4178 γε.

378 4220 429 4280 98.
473 4215 654 4298 κοθοὶρμοοτοο
687 4222 759 4282 sunt
794 4241 870 4303 quae
904 4219 1031 4298 λύμοοτοο
1062 4219 1139 4285 dicit
1174 4220 1343 4297 Homerus,
