2956 4974
345 483 388 543 54
634 495 899 544 iarumannunro
931 495 1063 542 aaaron.

343 679 431 744 hasta
460 701 563 744 caesus
589 679 769 745 interiectus
791 680 919 745 fuisses:
943 679 1049 745 reliota
1073 678 1155 745 domi
1178 679 1290 766 gloria,
1309 679 1343 744 li·

268 801 331 864 350
344 798 543 884 morumque
564 798 623 866 viis
647 799 811 886 conspicuo
832 821 904 864 aevo
925 799 1065 876 condito,
1085 799 1145 862 alte
1164 804 1343 863 exstructum

344 916 468 982 haberes
494 917 647 982 tumulum
673 919 707 981 in
730 923 809 982 terra
832 919 1047 994 transmarina,
1070 939 1133 981 non
1153 918 1347 982 miserandum

344 1037 426 1100 tuis:
450 1037 565 1100 amians
589 1035 694 1100 amieis
717 1035 770 1119 qni
790 1034 832 1099 ibi
854 1057 923 1100 oum
944 1035 1034 1101 laude
1052 1036 1279 1116 occubuerunt,
1298 1035 1349 1101 sub

344 1159 426 1218 terra
459 1152 585 1218 decorus
620 1153 805 1218 venerandus
838 1153 916 1232 dux,
946 1158 977 1220 et
1004 1156 1145 1220 minister
1169 1177 1349 1220 summorum

270 1270 417 1336 360istio
441 1272 473 1335 iu
495 1272 602 1336 inferis
624 1277 832 1356 tyrannorum.
867 1273 947 1337 Nam
967 1293 1020 1338 rex
1040 1294 1105 1336 eras
1125 1272 1196 1337 dnm
1215 1272 1352 1350 vivebas,

344 1411 382 1454 ex
409 1387 461 1468 iis,
493 1391 547 1476 qui
578 1391 642 1454 fato
671 1391 772 1456 datam
802 1394 911 1456 sortem
939 1397 970 1456 et
1000 1393 1151 1478 imperans
1174 1391 1351 1456 mortalibus

346 1513 499 1594 sceptrum
522 1506 661 1574 manibus
683 1508 819 1596 implent.

391 1627 444 1692 Et.
490 1626 604 1692 Verum
630 1649 687 1691 nee
706 1625 764 1692 aab
786 1626 893 1712 Trojae
917 1626 1074 1692 moenibus
1097 1627 1234 1706 oooisua,
1256 1632 1355 1714 pater,

348 1767 417 1810 uum
440 1745 624 1830 reliquorum
644 1745 804 1810 interiecta
823 1745 1020 1811 multitudine
1041 1745 1079 1810 ad
1099 1745 1277 1810 Scamandri
1298 1747 1356 1811 flu-

347 1864 430 1930 vium
457 1864 577 1952 sepeliri
609 1862 743 1929 debebas.
788 1864 847 1929 sed
878 1865 963 1951 priua
990 1865 1199 1930 interfectores
1223 1865 1289 1950 ejus
1312 1865 1357 1929 sio

272 1988 335 2054 370
349 1985 501 2048 interiisse
530 1982 694 2061 debebant,
721 1989 757 2048 ut
779 1984 875 2048 latum
899 2005 1001 2048 eorum
1024 1983 1149 2048 mortale
1171 1983 1279 2071 procul
1303 1984 1360 2049 ali·

348 2102 416 2186 quis
440 2102 619 2180 audivisset,
642 2123 737 2186 quum
760 2101 809 2166 his
831 2101 986 2168 laboribus
1009 2104 1163 2168 caruisset.

397 2222 465 2285 uuo.
510 2222 574 2286 Ista
603 2222 743 2306 quidem,
772 2244 791 2287 o
822 2221 901 2299 filia,
933 2244 1006 2287 auro
1041 2225 1159 2309 potiora
1189 2245 1361 2310 magnaque

348 2341 472 2405 fortuna
494 2345 524 2405 et
547 2339 731 2426 hyperborea
755 2341 865 2426 majora
888 2341 985 2406 diois:
1009 2347 1054 2406 est
1077 2343 1157 2406 enim
1181 2341 1268 2406 dolor
1291 2344 1361 2408 tibi.

350 2460 465 2524 Verum
489 2461 623 2546 duplicis
648 2459 773 2546 hujusce
795 2459 907 2548 flagelli
932 2462 1051 2526 sonitus
1070 2463 1175 2526 venit:
1194 2459 1360 2527 alterorum

350 2579 472 2663 quidem
495 2579 663 2664 adjutores,
685 2601 788 2644 eorum
811 2580 932 2665 quidem
956 2581 1008 2664 qui
1029 2580 1087 2645 snb
1106 2586 1185 2646 terra
1202 2586 1293 2645 sunt:
1319 2581 1362 2646 al-

349 2703 480 2762 terorum
506 2719 591 2776 vero,
614 2697 806 2763 dominorum
829 2697 949 2763 illomm
974 2699 1161 2774 odiosorum,
1180 2719 1288 2763 manus
1309 2721 1364 2764 ne-

350 2817 457 2880 fariae:
480 2838 583 2880 verum
606 2816 717 2881 liberos
739 2817 766 2881 is
790 2817 916 2904 attingit
938 2818 1069 2903 propius.

276 2942 339 3004 380
396 2935 448 2999 ml.
495 2935 565 2998 Hoo
591 2934 675 3000 velut
697 2941 857 3022 penetrans
881 2937 965 3000 venit
988 2935 1073 3020 quusi
1097 2935 1200 2999 telum.
1229 2934 1366 3021 Jupiter,

352 3053 489 3140 Jupiter,
515 3055 568 3137 qui
596 3076 632 3118 ex
661 3054 766 3117 inferis
790 3053 906 3118 emittis
930 3075 1011 3118 serae
1033 3075 1144 3140 poenae
1167 3052 1283 3117 cladem
1310 3077 1366 3119 an·

352 3173 420 3240 daei
443 3172 615 3238 mortalium
640 3173 829 3258 nefariaeque
851 3175 970 3251 manui,
994 3173 1189 3258 perficiantur
1211 3171 1286 3237 haeu
1311 3195 1366 3260 pa·

351 3293 495 3358 rentibus.

399 3414 468 3477 Cho.
515 3414 614 3478 Detur
632 3412 707 3476 mihi
730 3412 869 3477 acerbum
893 3411 1038 3497 ejulatum
1061 3433 1168 3476 canere
1190 3411 1256 3476 viro
1276 3433 1367 3478 caeso

353 3540 383 3600 et
408 3534 533 3600 muliere
555 3533 679 3621 perdita.
714 3533 799 3606 Quid
822 3534 900 3597 enirn
925 3537 1026 3598 mente
1049 3532 1177 3598 occulo?
1212 3531 1367 3598 Divinum

277 3659 464 3722 390numen
495 3675 567 3718 sane
598 3652 726 3718 volitat:
750 3657 818 3716 ante
841 3675 959 3737 proram
983 3653 1076 3716 animi
1100 3651 1206 3717 acerba
1230 3673 1367 3718 commo·
1472 3639 1473 3650 ἵ

354 3778 441 3838 vetur
464 3772 509 3837 ira
532 3777 562 3836 et
585 3771 728 3835 infestum
752 3770 864 3834 odium.

402 3893 450 3955 Or.
495 3891 537 3954 Et
567 3890 689 3975 quando
718 3895 894 3976 praepotens
923 3889 1046 3976 Jupiter
1075 3911 1197 3953 manum
1227 3889 1369 3975 infliget,
1472 3939 1473 3964 ,

354 4009 428 4074 eheu
446 4009 537 4086 eben,
557 4009 655 4096 capita
673 4009 838 4094 frangens?
860 4014 890 4072 et
910 4008 1022 4072 fiducia
1040 4006 1218 4071 huioterrae
1230 4007 1366 4075 redibit?
1472 3971 1473 4052 l

354 4129 412 4192 Jus
435 4149 471 4192 ex
495 4128 616 4213 injuriis
639 4133 750 4214 repeto.
795 4127 911 4192 Audite
933 4149 992 4203 me,
1016 4147 1092 4211 quae
1110 4149 1157 4191 res
1174 4130 1366 4194 mortuorum
1472 4133 1473 4186 l

354 4246 548 4312 ulciscimini.
