2972 4974
507 488 706 534 55555555.
1054 473 1115 536 175

111 671 196 736 modo
226 670 392 736 modestius
420 670 550 736 laetatus
574 671 670 736 fuerat
693 693 748 734 nec
773 694 790 735 a
812 673 927 758 gemitu
955 673 1043 738 ctiam
1067 673 1118 738 ab

111 791 271 867 stinuerat,
290 790 351 874 jam
376 791 514 875 exsurgit
538 795 568 854 et
591 811 709 854 carmen
735 812 802 854 vere
825 789 1008 877 triumphale
1027 792 1118 858 iusti-

110 908 186 982 tuit,
208 908 333 972 inflatus
357 909 494 972 victricis
513 909 653 991 justitiae
677 907 797 971 divinae
820 909 939 995 spiritu.

153 1029 225 1092 935.
271 1027 422 1092 Carminis
447 1026 537 1111 hujus
561 1026 725 1112 descriptio
749 1024 820 1090 hacc
844 1026 959 1092 solebat
983 1029 1060 1106 ficri,
1084 1033 1118 1092 ut

112 1149 172 1210 935
196 1147 408 1212 institueretur
433 1144 572 1233 stropha,
597 1149 660 1212 9t6
685 1144 889 1232 antistropha,
914 1149 977 1210 958
999 1146 1118 1232 epodos.

111 1265 145 1328 15
177 1287 237 1351 qua
267 1271 365 1332 tamen
398 1266 601 1352 descriptione
624 1263 705 1330 haud
728 1287 822 1351 pauca
846 1266 985 1330 officiunt
1009 1287 1117 1332 courc-

111 1383 249 1448 nientiuc.
298 1385 506 1462 llermaunus,
539 1383 631 1448 multa
651 1389 789 1461 mutans,
813 1382 966 1470 stropham
991 1383 1118 1470 primam

111 1503 247 1568 instituit
279 1506 359 1580 935,
389 1501 608 1590 antistropham
634 1507 715 1578 916,
743 1503 775 1566 in
799 1524 892 1586 eaque
915 1502 990 1566 duos
1016 1523 1119 1566 versus

112 1624 141 1684 in
165 1622 225 1686 fine
249 1622 349 1686 deesse
373 1623 497 1700 statuit,
520 1644 595 1707 quos
621 1622 728 1707 partim
751 1621 786 1685 de
807 1621 981 1704 conjectura
1000 1619 1119 1708 explet:

112 1747 173 1806 tum
205 1741 341 1827 quinque
368 1763 471 1806 versus
495 1742 596 1806 deesse
623 1743 653 1805 in
679 1741 769 1806 initio
794 1739 933 1826 strophae
956 1740 1121 1816 secundae,

112 1859 142 1921 iu
173 1881 234 1944 qua
256 1881 346 1946 porro
368 1861 457 1946 ponit
481 1864 544 1925 955
569 1860 605 1923 ad
631 1861 693 1922 961
718 1859 799 1923 tarra:
823 1864 888 1924 tum
910 1882 924 1923 5
950 1862 1011 1923 961
1036 1858 1120 1937 μέγα

20 2031 21 2034 ,
113 1981 137 2042 τ’
166 1979 324 2061 ἀφῃρέθην,
352 1978 571 2065 antistropham
600 1978 762 2044 secundam
795 1979 831 2042 ad
856 1979 944 2044 finem
969 1978 1123 2042 carminis.

115 2093 297 2162 Klauseuius
320 2095 472 2183 stropham
497 2097 620 2184 primam
646 2099 733 2182 ponit
758 2099 950 2174 935-955,
974 2097 1119 2162 antistro-

115 2213 197 2300 pham
220 2219 283 2280 946
299 2220 412 2292 ·-956,
427 2214 579 2302 stropham
596 2215 759 2280 secundam
776 2219 962 2293 957-962,
977 2216 1122 2280 antistro-

115 2331 196 2417 pham
220 2338 404 2411 auo-967,
424 2334 540 2420 epodon
563 2338 747 2400 968—972.
793 2333 941 2419 Equidem
966 2337 1120 2421 antiquam

116 2450 342 2539 descriptionem
368 2453 410 2518 ita
433 2455 563 2530 retineo,
588 2457 705 2517 utnon
731 2452 895 2518 defendam.

156 2574 230 2636 938.
277 2570 405 2644 διπλοῦς.
453 2570 622 2635 Scholiasta
646 2572 783 2636 Orestem
808 2577 838 2635 et
861 2569 1004 2656 Pyladem
1025 2571 1122 2656 signi-

24 2719 25 2742 1
118 2689 194 2752 ficari
226 2690 395 2755 existimat:
427 2691 476 2756 sed
510 2691 699 2778 significatur
728 2691 867 2766 Orestes,
892 2689 981 2754 caede
1005 2689 1120 2776 duplici

118 2813 246 2891 peracta:
271 2809 308 2872 ct'.
333 2812 406 2873 931.

159 2930 230 2992 939.
276 2927 365 2992 ἔλακε
397 2927 420 2991 δ’
452 2929 480 3000 ἐς
503 2927 535 2994 τὸ
559 2931 629 2993 πᾶν.
676 2928 728 2992 sic
751 2927 830 2992 libri.
877 2927 1047 2991 Edideruut
1071 2926 1121 2990 alii

120 3043 215 3110 ἔλκσεε
239 3045 331 3130 idque
354 3069 413 3109 555
437 3045 576 3110 abhorret
600 3069 615 3108 a
637 3044 754 3110 soholio
774 3046 867 3122 ἤλασε
887 3045 915 3109 δὲ
932 3047 972 3117 εἰς
989 3044 1022 3110 τὸ
1041 3045 1123 3117 τέλος

119 3169 164 3227 τοῦ
197 3163 313 3245 δρόμους
348 3171 378 3228 51
412 3163 537 3241 ἄφίκετο
568 3165 607 3238 εἷς
638 3164 671 3230 τὸ
702 3165 785 3236 τέλος
817 3169 866 3228 τοῦ
894 3165 1013 3242 ἀγῶνος.
1058 3163 1122 3228 Alii

122 3281 200 3346 aliter
231 3287 359 3348 mutant.
406 3283 535 3348 Retineo
565 3285 745 3370 scripturam
768 3283 923 3348 librorum.
971 3283 1018 3348 De
1042 3282 1123 3347 verbi

32 3389 33 3396 ,
122 3399 202 3468 ianae
228 3404 453 3488 significatione
476 3401 608 3466 dubitari
633 3425 693 3467 555
714 3409 829 3488 potest:
851 3403 888 3468 ct'.
911 3406 983 3468 788.
1006 3403 1124 3466 Tharria

123 3521 283 3607 significare
307 3520 396 3586 oredo
419 3543 507 3585 omue
524 3543 621 3607 genus
641 3519 805 3584 homiuum.
842 3521 933 3608 Apud
959 3520 1123 3588 Pindarum

124 3637 308 3704 0111153
332 3639 432 3704 eadem
458 3639 555 3704 dictio
577 3643 639 3716 est,
670 3661 770 3704 verum
794 3639 836 3704 ibi
861 3662 964 3704 omnes
988 3638 1124 3704 homines

124 3757 328 3842 significantur
363 3757 497 3844 exceptis
533 3755 733 3843 sapientibus:
769 3781 846 3842 quae
878 3758 1037 3823 distinctio
1066 3755 1124 3821 lroc

126 3871 183 3940 1555
205 3900 265 3942 555
290 3879 333 3942 tit.
378 3875 540 3942 Primnidir
573 3897 666 3962 poena
691 3879 789 3942 venit:
816 3879 898 3942 venit
921 3877 1123 3948 intertectori-

127 3991 173 4060 bus
202 3996 343 4062 Atridae:
370 3996 487 4082 aperuit
509 3995 567 4060 toti
590 3993 721 4060 humano
741 3997 842 4081 generi
869 3997 1033 4061 vindictam
1058 3995 1125 4074 ille,

127 4115 168 4176 cui
190 4115 226 4180 ab
249 4115 374 4200 injustis
397 4113 522 4200 expulso
545 4113 628 4179 illam
654 4113 876 4202 suscipiendam
899 4115 981 4180 Deus
1001 4113 1125 4180 commi·

127 4241 203 4300 serat.
