<?xml version="1.0" encoding="UTF-8"?>
<!DOCTYPE html PUBLIC "-//W3C//DTD XHTML 1.0 Transitional//EN"
    "http://www.w3.org/TR/xhtml1/DTD/xhtml1-transitional.dtd">
<html xmlns="http://www.w3.org/1999/xhtml" xml:lang="en" lang="en">
 <head>
  <title>
</title>
<meta http-equiv="Content-Type" content="text/html;charset=utf-8" />
  <meta name='ocr-system' content='tesseract 3.04.00' />
  <meta name='ocr-capabilities' content='ocr_page ocr_carea ocr_par ocr_line ocrx_word'/>
</head>
<body>
  <div class='ocr_page' id='page_1' title='image "aeschylichoepho00jonggoog_0190.png"; bbox 0 0 2972 4974; ppageno 0'>
   <div class='ocr_carea' id='block_1_1' title="bbox 328 425 938 487">
    <p class='ocr_par' dir='ltr' id='par_1_1' title="bbox 328 425 938 487">
     <span class='ocr_line' id='line_1_1' title="bbox 328 425 938 487; baseline -0.01 -1"><span class='ocrx_word' id='word_1_1' title='bbox 328 425 391 487; x_wconf 86' lang='grc'><strong>178</strong></span> <span class='ocrx_word' id='word_1_2' title='bbox 738 437 938 486; x_wconf 78' lang='lat' dir='ltr'><strong>sonorarro.</strong></span> 
     </span>
    </p>
   </div>
   <div class='ocr_carea' id='block_1_2' title="bbox 326 618 1343 2724">
    <p class='ocr_par' dir='ltr' id='par_1_2' title="bbox 326 618 1340 1415">
     <span class='ocr_line' id='line_1_2' title="bbox 326 618 1334 708; baseline -0.006 -20"><span class='ocrx_word' id='word_1_3' title='bbox 326 622 450 700; x_wconf 80' lang='grc' dir='ltr'><em>τρριὲναν</em></span> <span class='ocrx_word' id='word_1_4' title='bbox 471 629 517 688; x_wconf 88' lang='lat' dir='ltr'><strong>est</strong></span> <span class='ocrx_word' id='word_1_5' title='bbox 539 623 706 708; x_wconf 87' lang='lat' dir='ltr'><strong>passivum,</strong></span> <span class='ocrx_word' id='word_1_6' title='bbox 736 627 767 686; x_wconf 93' lang='lat' dir='ltr'><strong>et</strong></span> <span class='ocrx_word' id='word_1_7' title='bbox 789 623 918 686; x_wconf 82' lang='lat' dir='ltr'><strong>refertor</strong></span> <span class='ocrx_word' id='word_1_8' title='bbox 940 621 978 684; x_wconf 89' lang='lat' dir='ltr'><strong>ad</strong></span> <span class='ocrx_word' id='word_1_9' title='bbox 1001 619 1099 696; x_wconf 76' lang='grc' dir='ltr'><em>δίκαν,</em></span> <span class='ocrx_word' id='word_1_10' title='bbox 1121 625 1151 684; x_wconf 91' lang='lat' dir='ltr'><strong>et</strong></span> <span class='ocrx_word' id='word_1_11' title='bbox 1172 618 1224 684; x_wconf 86' lang='lat' dir='ltr'><strong>hia</strong></span> <span class='ocrx_word' id='word_1_12' title='bbox 1248 640 1334 682; x_wconf 83' lang='lat' dir='ltr'><strong>aeau-</strong></span> 
     </span>
     <span class='ocr_line' id='line_1_3' title="bbox 328 739 1337 827; baseline -0.007 -19"><span class='ocrx_word' id='word_1_13' title='bbox 328 745 443 808; x_wconf 89' lang='lat' dir='ltr'><strong>sativos</strong></span> <span class='ocrx_word' id='word_1_14' title='bbox 473 741 646 807; x_wconf 82' lang='lat' dir='ltr'><strong>intellectus</strong></span> <span class='ocrx_word' id='word_1_15' title='bbox 677 741 758 808; x_wconf 76' lang='grc' dir='ltr'><em>δόκαν</em></span> <span class='ocrx_word' id='word_1_16' title='bbox 788 746 834 806; x_wconf 89' lang='lat' dir='ltr'><strong>est</strong></span> <span class='ocrx_word' id='word_1_17' title='bbox 864 739 1017 824; x_wconf 87' lang='lat' dir='ltr'><strong>objectum</strong></span> <span class='ocrx_word' id='word_1_18' title='bbox 1046 739 1200 827; x_wconf 77' lang='lat' dir='ltr'><strong>participii</strong></span> <span class='ocrx_word' id='word_1_19' title='bbox 1225 739 1337 802; x_wconf 74' lang='grc' dir='ltr'><em>όεῖσανῑ</em></span> 
     </span>
     <span class='ocr_line' id='line_1_4' title="bbox 327 857 1340 944; baseline -0.01 -14"><span class='ocrx_word' id='word_1_20' title='bbox 327 863 480 944; x_wconf 72' lang='grc' dir='ltr'><em>ἐποίχεται</em></span> <span class='ocrx_word' id='word_1_21' title='bbox 497 863 549 938; x_wconf 70' lang='grc' dir='ltr'><strong>τὴν</strong></span> <span class='ocrx_word' id='word_1_22' title='bbox 565 863 844 941; x_wconf 71' lang='grc' dir='ltr'><strong>Κλυταιμνήστραν,</strong></span> <span class='ocrx_word' id='word_1_23' title='bbox 867 862 919 936; x_wconf 66' lang='grc' dir='ltr'><strong>τὴν</strong></span> <span class='ocrx_word' id='word_1_24' title='bbox 942 862 1038 926; x_wconf 83' lang='grc' dir='ltr'><em>όεΐσαν</em></span> <span class='ocrx_word' id='word_1_25' title='bbox 1056 861 1108 934; x_wconf 71' lang='grc' dir='ltr'><strong>τὴν</strong></span> <span class='ocrx_word' id='word_1_26' title='bbox 1128 859 1218 934; x_wconf 79' lang='grc' dir='ltr'><em>Δι’κιρν</em></span> <span class='ocrx_word' id='word_1_27' title='bbox 1237 857 1340 936; x_wconf 77' lang='grc' dir='ltr'><em>βλαπ-</em></span> 
     </span>
     <span class='ocr_line' id='line_1_5' title="bbox 326 974 1339 1062; baseline -0.009 -14"><span class='ocrx_word' id='word_1_28' title='bbox 326 983 464 1061; x_wconf 74' lang='grc' dir='ltr'><em>τομένην,</em></span> <span class='ocrx_word' id='word_1_29' title='bbox 497 982 516 1044; x_wconf 90' lang='lat' dir='ltr'><strong>i.</strong></span> <span class='ocrx_word' id='word_1_30' title='bbox 542 1004 565 1045; x_wconf 90' lang='lat' dir='ltr'><strong>e.</strong></span> <span class='ocrx_word' id='word_1_31' title='bbox 599 981 652 1054; x_wconf 72' lang='grc' dir='ltr'><strong>τίρν</strong></span> <span class='ocrx_word' id='word_1_32' title='bbox 685 981 964 1062; x_wconf 71' lang='grc' dir='ltr'><em>Κλυταιμνήστραν,</em></span> <span class='ocrx_word' id='word_1_33' title='bbox 998 975 1015 1054; x_wconf 80' lang='grc' dir='ltr'>ἣ</span> <span class='ocrx_word' id='word_1_34' title='bbox 1049 982 1102 1054; x_wconf 66' lang='grc' dir='ltr'><strong>τὴν</strong></span> <span class='ocrx_word' id='word_1_35' title='bbox 1136 977 1227 1052; x_wconf 84' lang='grc' dir='ltr'><em>Δι’κιρν</em></span> <span class='ocrx_word' id='word_1_36' title='bbox 1260 974 1339 1051; x_wconf 66' lang='lat' dir='ltr'><strong>ilaus</strong></span> 
     </span>
     <span class='ocr_line' id='line_1_6' title="bbox 328 1097 1340 1186; baseline -0.007 -21"><span class='ocrx_word' id='word_1_37' title='bbox 328 1101 557 1179; x_wconf 74' lang='grc' dir='ltr'><em>βααττνριένννε</em></span> <span class='ocrx_word' id='word_1_38' title='bbox 604 1098 715 1186; x_wconf 85' lang='lat' dir='ltr'><strong>Apollo</strong></span> <span class='ocrx_word' id='word_1_39' title='bbox 750 1099 936 1185; x_wconf 77' lang='lat' dir='ltr'><strong>assequitur,</strong></span> <span class='ocrx_word' id='word_1_40' title='bbox 970 1098 1089 1163; x_wconf 86' lang='lat' dir='ltr'><strong>invadit</strong></span> <span class='ocrx_word' id='word_1_41' title='bbox 1123 1097 1224 1174; x_wconf 83' lang='lat' dir='ltr'><strong>illam,</strong></span> <span class='ocrx_word' id='word_1_42' title='bbox 1265 1117 1340 1179; x_wconf 89' lang='lat' dir='ltr'><strong>qnae</strong></span> 
     </span>
     <span class='ocr_line' id='line_1_7' title="bbox 329 1215 1340 1294; baseline -0.007 -12"><span class='ocrx_word' id='word_1_43' title='bbox 329 1219 488 1284; x_wconf 90' lang='lat' dir='ltr'><strong>Justitiam</strong></span> <span class='ocrx_word' id='word_1_44' title='bbox 508 1217 616 1284; x_wconf 83' lang='lat' dir='ltr'>laesam</span> <span class='ocrx_word' id='word_1_45' title='bbox 635 1220 789 1294; x_wconf 82' lang='lat' dir='ltr'><strong>effecerat,</strong></span> <span class='ocrx_word' id='word_1_46' title='bbox 812 1219 832 1280; x_wconf 91' lang='lat' dir='ltr'><strong>i.</strong></span> <span class='ocrx_word' id='word_1_47' title='bbox 848 1241 871 1281; x_wconf 90' lang='lat' dir='ltr'><strong>e.</strong></span> <span class='ocrx_word' id='word_1_48' title='bbox 896 1216 1075 1281; x_wconf 78' lang='lat' dir='ltr'><strong>violaverat:</strong></span> <span class='ocrx_word' id='word_1_49' title='bbox 1099 1216 1136 1280; x_wconf 87' lang='lat' dir='ltr'><strong>ef.</strong></span> <span class='ocrx_word' id='word_1_50' title='bbox 1158 1215 1285 1280; x_wconf 69' lang='lat' dir='ltr'><strong>Flumen.</strong></span> <span class='ocrx_word' id='word_1_51' title='bbox 1299 1217 1340 1277; x_wconf 90' lang='grc'><strong>14</strong></span> 
     </span>
     <span class='ocr_line' id='line_1_8' title="bbox 953 1334 1047 1415; baseline -0.011 -15"><span class='ocrx_word' id='word_1_52' title='bbox 953 1334 1047 1415; x_wconf 88' lang='grc' dir='ltr'><em>χόόνα</em></span> 
     </span>
    </p>

    <p class='ocr_par' dir='ltr' id='par_1_3' title="bbox 328 1453 1341 1895">
     <span class='ocr_line' id='line_1_9' title="bbox 571 1453 1072 1534; baseline -0.004 -16"><span class='ocrx_word' id='word_1_53' title='bbox 571 1455 710 1532; x_wconf 74' lang='grc' dir='ltr'><em>ἀνήμερον</em></span> <span class='ocrx_word' id='word_1_54' title='bbox 733 1454 856 1525; x_wconf 74' lang='grc' dir='ltr'><strong>τιθέντες</strong></span> <span class='ocrx_word' id='word_1_55' title='bbox 881 1453 1072 1534; x_wconf 75' lang='grc' dir='ltr'><em>ἡμερωμένην.</em></span> 
     </span>
     <span class='ocr_line' id='line_1_10' title="bbox 328 1567 1341 1652; baseline -0.008 -15"><span class='ocrx_word' id='word_1_56' title='bbox 328 1571 378 1637; x_wconf 84' lang='grc' dir='ltr'><strong>Ἐν</strong></span> <span class='ocrx_word' id='word_1_57' title='bbox 411 1570 520 1652; x_wconf 77' lang='grc' dir='ltr'><em>χρόνοις</em></span> <span class='ocrx_word' id='word_1_58' title='bbox 553 1571 790 1636; x_wconf 83' lang='lat' dir='ltr'><strong>construendum</strong></span> <span class='ocrx_word' id='word_1_59' title='bbox 822 1575 867 1634; x_wconf 91' lang='lat' dir='ltr'><strong>est</strong></span> <span class='ocrx_word' id='word_1_60' title='bbox 900 1593 967 1635; x_wconf 90' lang='lat' dir='ltr'><strong>eum</strong></span> <span class='ocrx_word' id='word_1_61' title='bbox 999 1570 1171 1650; x_wconf 78' lang='grc' dir='ltr'><em>ἐποίχεται,</em></span> <span class='ocrx_word' id='word_1_62' title='bbox 1200 1567 1341 1651; x_wconf 84' lang='lat' dir='ltr'><strong>idemque</strong></span> 
     </span>
     <span class='ocr_line' id='line_1_11' title="bbox 329 1685 1341 1776; baseline -0.006 -23"><span class='ocrx_word' id='word_1_63' title='bbox 329 1690 495 1776; x_wconf 85' lang='lat' dir='ltr'><strong>significat,</strong></span> <span class='ocrx_word' id='word_1_64' title='bbox 528 1689 607 1774; x_wconf 91' lang='lat' dir='ltr'><strong>qnod</strong></span> <span class='ocrx_word' id='word_1_65' title='bbox 637 1693 699 1754; x_wconf 85' lang='lat'><strong>935</strong></span> <span class='ocrx_word' id='word_1_66' title='bbox 731 1689 824 1770; x_wconf 84' lang='grc' dir='ltr'><em>χρόνῳ</em></span> <span class='ocrx_word' id='word_1_67' title='bbox 847 1694 877 1754; x_wconf 91' lang='lat' dir='ltr'><strong>et</strong></span> <span class='ocrx_word' id='word_1_68' title='bbox 902 1691 986 1752; x_wconf 87' lang='grc'>1040</span> <span class='ocrx_word' id='word_1_69' title='bbox 1011 1690 1039 1752; x_wconf 82' lang='grc' dir='ltr'><strong>ἐν</strong></span> <span class='ocrx_word' id='word_1_70' title='bbox 1060 1687 1160 1768; x_wconf 82' lang='grc' dir='ltr'><em>χρόνῳ.</em></span> <span class='ocrx_word' id='word_1_71' title='bbox 1207 1685 1256 1749; x_wconf 90' lang='lat' dir='ltr'><strong>De</strong></span> <span class='ocrx_word' id='word_1_72' title='bbox 1278 1685 1341 1771; x_wconf 91' lang='lat' dir='ltr'><strong>epi-</strong></span> 
     </span>
     <span class='ocr_line' id='line_1_12' title="bbox 330 1806 1095 1895; baseline -0.003 -23"><span class='ocrx_word' id='word_1_73' title='bbox 330 1806 415 1876; x_wconf 91' lang='lat' dir='ltr'><strong>theto</strong></span> <span class='ocrx_word' id='word_1_74' title='bbox 438 1808 592 1895; x_wconf 84' lang='lat' dir='ltr'><strong>Apollinis</strong></span> <span class='ocrx_word' id='word_1_75' title='bbox 615 1808 715 1886; x_wconf 75' lang='grc' dir='ltr'><em>ριέναν</em></span> <span class='ocrx_word' id='word_1_76' title='bbox 738 1807 815 1890; x_wconf 78' lang='grc' dir='ltr'><em>ἔχων</em></span> <span class='ocrx_word' id='word_1_77' title='bbox 837 1809 936 1889; x_wconf 81' lang='grc' dir='ltr'><em>μυχόν</em></span> <span class='ocrx_word' id='word_1_78' title='bbox 960 1809 999 1876; x_wconf 82' lang='lat' dir='ltr'><strong>cf.</strong></span> <span class='ocrx_word' id='word_1_79' title='bbox 1022 1810 1095 1872; x_wconf 87' lang='grc'><strong>807.</strong></span> 
     </span>
    </p>

    <p class='ocr_par' dir='ltr' id='par_1_4' title="bbox 330 1922 1343 2724">
     <span class='ocr_line' id='line_1_13' title="bbox 373 1922 1340 2012; baseline -0.008 -20"><span class='ocrx_word' id='word_1_80' title='bbox 373 1930 558 1992; x_wconf 84' lang='grc'>958-960.</span> <span class='ocrx_word' id='word_1_81' title='bbox 593 1927 687 1992; x_wconf 88' lang='lat' dir='ltr'><strong>Hune</strong></span> <span class='ocrx_word' id='word_1_82' title='bbox 703 1949 824 2012; x_wconf 91' lang='lat' dir='ltr'><strong>quoque</strong></span> <span class='ocrx_word' id='word_1_83' title='bbox 842 1926 942 1992; x_wconf 88' lang='lat' dir='ltr'><strong>locum</strong></span> <span class='ocrx_word' id='word_1_84' title='bbox 960 1925 1125 1990; x_wconf 87' lang='lat' dir='ltr'><strong>seeundum</strong></span> <span class='ocrx_word' id='word_1_85' title='bbox 1141 1923 1236 1988; x_wconf 89' lang='lat' dir='ltr'><strong>libros</strong></span> <span class='ocrx_word' id='word_1_86' title='bbox 1249 1922 1340 1986; x_wconf 90' lang='lat' dir='ltr'><strong>edidi.</strong></span> 
     </span>
     <span class='ocr_line' id='line_1_14' title="bbox 330 2039 1341 2126; baseline -0.006 -17"><span class='ocrx_word' id='word_1_87' title='bbox 330 2048 486 2110; x_wconf 86' lang='lat' dir='ltr'><strong>Aoeeotus</strong></span> <span class='ocrx_word' id='word_1_88' title='bbox 516 2051 614 2110; x_wconf 88' lang='lat' dir='ltr'><strong>tamen</strong></span> <span class='ocrx_word' id='word_1_89' title='bbox 645 2048 677 2110; x_wconf 92' lang='lat' dir='ltr'><strong>in</strong></span> <span class='ocrx_word' id='word_1_90' title='bbox 701 2046 854 2126; x_wconf 65' lang='lat' dir='ltr'><strong>reaestuat</strong></span> <span class='ocrx_word' id='word_1_91' title='bbox 876 2070 937 2118; x_wconf 78' lang='grc' dir='ltr'><strong>τωρ</strong></span> <span class='ocrx_word' id='word_1_92' title='bbox 961 2045 1032 2109; x_wconf 87' lang='lat' dir='ltr'><strong>libri</strong></span> <span class='ocrx_word' id='word_1_93' title='bbox 1057 2042 1167 2107; x_wconf 90' lang='lat' dir='ltr'><strong>habent</strong></span> <span class='ocrx_word' id='word_1_94' title='bbox 1192 2042 1283 2105; x_wconf 90' lang='lat' dir='ltr'><strong>alios:</strong></span> <span class='ocrx_word' id='word_1_95' title='bbox 1306 2039 1341 2103; x_wconf 89' lang='lat' dir='ltr'>M</span> 
     </span>
     <span class='ocr_line' id='line_1_15' title="bbox 330 2161 1343 2246; baseline -0.006 -18"><span class='ocrx_word' id='word_1_96' title='bbox 330 2171 481 2242; x_wconf 84' lang='grc' dir='ltr'><em>κρατεῖται</em></span> <span class='ocrx_word' id='word_1_97' title='bbox 512 2166 586 2241; x_wconf 79' lang='grc' dir='ltr'><em>τὼς,</em></span> <span class='ocrx_word' id='word_1_98' title='bbox 617 2164 646 2228; x_wconf 88' lang='lat' dir='ltr'>G</span> <span class='ocrx_word' id='word_1_99' title='bbox 670 2169 700 2228; x_wconf 90' lang='lat' dir='ltr'><strong>et</strong></span> <span class='ocrx_word' id='word_1_100' title='bbox 723 2165 752 2228; x_wconf 80' lang='lat' dir='ltr'><strong>R</strong></span> <span class='ocrx_word' id='word_1_101' title='bbox 778 2173 929 2246; x_wconf 68' lang='lat' dir='ltr'><strong>rouretum</strong></span> <span class='ocrx_word' id='word_1_102' title='bbox 953 2169 1031 2241; x_wconf 79' lang='grc' dir='ltr'><em>πῶς,</em></span> <span class='ocrx_word' id='word_1_103' title='bbox 1054 2161 1216 2227; x_wconf 78' lang='lat' dir='ltr'><strong>Turnebus</strong></span> <span class='ocrx_word' id='word_1_104' title='bbox 1239 2161 1283 2224; x_wconf 95' lang='lat' dir='ltr'><strong>ita</strong></span> <span class='ocrx_word' id='word_1_105' title='bbox 1307 2163 1343 2222; x_wconf 92' lang='lat' dir='ltr'><strong>ut</strong></span> 
     </span>
     <span class='ocr_line' id='line_1_16' title="bbox 330 2281 1341 2370; baseline -0.005 -25"><span class='ocrx_word' id='word_1_106' title='bbox 330 2282 476 2347; x_wconf 86' lang='lat' dir='ltr'><strong>dedimus.</strong></span> <span class='ocrx_word' id='word_1_107' title='bbox 514 2289 672 2364; x_wconf 78' lang='grc' dir='ltr'><em>Κρατεῖται</em></span> <span class='ocrx_word' id='word_1_108' title='bbox 688 2291 734 2350; x_wconf 87' lang='lat' dir='ltr'><strong>est</strong></span> <span class='ocrx_word' id='word_1_109' title='bbox 751 2285 911 2369; x_wconf 89' lang='lat' dir='ltr'><strong>passivum.</strong></span> <span class='ocrx_word' id='word_1_110' title='bbox 945 2281 1128 2370; x_wconf 78' lang='lat' dir='ltr'><strong>Exemplum</strong></span> <span class='ocrx_word' id='word_1_111' title='bbox 1140 2281 1246 2344; x_wconf 90' lang='lat' dir='ltr'><strong>domus</strong></span> <span class='ocrx_word' id='word_1_112' title='bbox 1258 2282 1341 2364; x_wconf 84' lang='lat' dir='ltr'><strong>Aga·</strong></span> 
     </span>
     <span class='ocr_line' id='line_1_17' title="bbox 330 2398 1341 2488; baseline -0.006 -24"><span class='ocrx_word' id='word_1_113' title='bbox 330 2401 518 2464; x_wconf 83' lang='lat' dir='ltr'><strong>memnonias</strong></span> <span class='ocrx_word' id='word_1_114' title='bbox 541 2400 661 2466; x_wconf 85' lang='lat' dir='ltr'><strong>Chorus</strong></span> <span class='ocrx_word' id='word_1_115' title='bbox 684 2403 884 2487; x_wconf 79' lang='lat' dir='ltr'><strong>persequitur.</strong></span> <span class='ocrx_word' id='word_1_116' title='bbox 930 2401 1067 2488; x_wconf 71' lang='lat' dir='ltr'><strong>lugatos</strong></span> <span class='ocrx_word' id='word_1_117' title='bbox 1094 2399 1192 2463; x_wconf 91' lang='lat' dir='ltr'><strong>fuerat</strong></span> <span class='ocrx_word' id='word_1_118' title='bbox 1216 2398 1341 2462; x_wconf 81' lang='lat' dir='ltr'><strong>Orestes</strong></span> 
     </span>
     <span class='ocr_line' id='line_1_18' title="bbox 330 2513 1341 2605; baseline -0.005 -23"><span class='ocrx_word' id='word_1_119' title='bbox 330 2519 533 2605; x_wconf 84' lang='lat' dir='ltr'><strong>expulsosque</strong></span> <span class='ocrx_word' id='word_1_120' title='bbox 564 2519 667 2584; x_wconf 91' lang='lat' dir='ltr'><strong>bonis:</strong></span> <span class='ocrx_word' id='word_1_121' title='bbox 703 2519 813 2584; x_wconf 88' lang='lat' dir='ltr'><strong>afflicta</strong></span> <span class='ocrx_word' id='word_1_122' title='bbox 844 2518 981 2584; x_wconf 82' lang='lat' dir='ltr'><strong>Electra:</strong></span> <span class='ocrx_word' id='word_1_123' title='bbox 1012 2515 1181 2602; x_wconf 87' lang='lat' dir='ltr'><strong>Aegisthus</strong></span> <span class='ocrx_word' id='word_1_124' title='bbox 1213 2521 1244 2579; x_wconf 90' lang='lat' dir='ltr'><strong>et</strong></span> <span class='ocrx_word' id='word_1_125' title='bbox 1267 2513 1341 2598; x_wconf 89' lang='lat' dir='ltr'><strong>Cly-</strong></span> 
     </span>
     <span class='ocr_line' id='line_1_19' title="bbox 332 2634 1342 2724; baseline -0.004 -24"><span class='ocrx_word' id='word_1_126' title='bbox 332 2642 513 2702; x_wconf 85' lang='lat' dir='ltr'><strong>taemnestra</strong></span> <span class='ocrx_word' id='word_1_127' title='bbox 546 2637 667 2724; x_wconf 87' lang='lat' dir='ltr'><strong>superbi</strong></span> <span class='ocrx_word' id='word_1_128' title='bbox 696 2643 726 2702; x_wconf 89' lang='lat' dir='ltr'><strong>et</strong></span> <span class='ocrx_word' id='word_1_129' title='bbox 757 2637 841 2723; x_wconf 88' lang='lat' dir='ltr'><strong>quasi</strong></span> <span class='ocrx_word' id='word_1_130' title='bbox 871 2639 962 2724; x_wconf 81' lang='lat' dir='ltr'><strong>regii:</strong></span> <span class='ocrx_word' id='word_1_131' title='bbox 981 2639 1025 2700; x_wconf 88' lang='lat' dir='ltr'><strong>ita</strong></span> <span class='ocrx_word' id='word_1_132' title='bbox 1048 2634 1208 2701; x_wconf 84' lang='lat' dir='ltr'><strong>videbator</strong></span> <span class='ocrx_word' id='word_1_133' title='bbox 1230 2655 1342 2697; x_wconf 88' lang='lat' dir='ltr'><strong>numen</strong></span> 
     </span>
    </p>
   </div>
   <div class='ocr_carea' id='block_1_3' title="bbox 331 2747 1341 2843">
    <p class='ocr_par' dir='ltr' id='par_1_5' title="bbox 331 2747 1341 2843">
     <span class='ocr_line' id='line_1_20' title="bbox 331 2747 1341 2843; baseline -0.006 -23"><span class='ocrx_word' id='word_1_134' title='bbox 331 2757 468 2821; x_wconf 90' lang='lat' dir='ltr'><strong>divinum</strong></span> <span class='ocrx_word' id='word_1_135' title='bbox 487 2757 620 2843; x_wconf 89' lang='lat' dir='ltr'><strong>superari</strong></span> <span class='ocrx_word' id='word_1_136' title='bbox 640 2763 671 2821; x_wconf 89' lang='lat' dir='ltr'><strong>et</strong></span> <span class='ocrx_word' id='word_1_137' title='bbox 690 2757 750 2821; x_wconf 88' lang='lat' dir='ltr'><strong>vim</strong></span> <span class='ocrx_word' id='word_1_138' title='bbox 773 2747 859 2822; x_wconf 34' lang='lat' dir='ltr'><strong>suam*</strong></span> <span class='ocrx_word' id='word_1_139' title='bbox 877 2756 1016 2820; x_wconf 84' lang='lat' dir='ltr'><strong>amittere</strong></span> <span class='ocrx_word' id='word_1_140' title='bbox 1035 2756 1066 2818; x_wconf 90' lang='lat' dir='ltr'><strong>in</strong></span> <span class='ocrx_word' id='word_1_141' title='bbox 1087 2753 1167 2831; x_wconf 88' lang='lat' dir='ltr'><strong>illis,</strong></span> <span class='ocrx_word' id='word_1_142' title='bbox 1183 2752 1236 2838; x_wconf 90' lang='lat' dir='ltr'><strong>qui</strong></span> <span class='ocrx_word' id='word_1_143' title='bbox 1252 2751 1341 2815; x_wconf 90' lang='lat' dir='ltr'><strong>malis</strong></span> 
     </span>
    </p>
   </div>
   <div class='ocr_carea' id='block_1_4' title="bbox 327 2870 1342 4272">
    <p class='ocr_par' dir='ltr' id='par_1_6' title="bbox 327 2870 1342 4272">
     <span class='ocr_line' id='line_1_21' title="bbox 329 2870 1341 2960; baseline -0.005 -22"><span class='ocrx_word' id='word_1_144' title='bbox 329 2874 470 2939; x_wconf 88' lang='lat' dir='ltr'><strong>hostibus</strong></span> <span class='ocrx_word' id='word_1_145' title='bbox 502 2897 562 2938; x_wconf 90' lang='lat' dir='ltr'><strong>uon</strong></span> <span class='ocrx_word' id='word_1_146' title='bbox 593 2873 833 2960; x_wconf 83' lang='lat' dir='ltr'><strong>obtemperantes</strong></span> <span class='ocrx_word' id='word_1_147' title='bbox 864 2874 900 2938; x_wconf 87' lang='lat' dir='ltr'><strong>ab</strong></span> <span class='ocrx_word' id='word_1_148' title='bbox 932 2897 966 2940; x_wconf 92' lang='lat' dir='ltr'><strong>eo</strong></span> <span class='ocrx_word' id='word_1_149' title='bbox 998 2872 1119 2939; x_wconf 86' lang='lat' dir='ltr'><strong>delendi</strong></span> <span class='ocrx_word' id='word_1_150' title='bbox 1150 2878 1181 2937; x_wconf 90' lang='lat' dir='ltr'><strong>et</strong></span> <span class='ocrx_word' id='word_1_151' title='bbox 1203 2870 1341 2956; x_wconf 85' lang='lat' dir='ltr'><strong>adjuvari</strong></span> 
     </span>
     <span class='ocr_line' id='line_1_22' title="bbox 332 2990 1342 3071; baseline -0.006 -13"><span class='ocrx_word' id='word_1_152' title='bbox 332 2993 511 3058; x_wconf 88' lang='lat' dir='ltr'><strong>debuerant:</strong></span> <span class='ocrx_word' id='word_1_153' title='bbox 546 3017 613 3057; x_wconf 89' lang='lat' dir='ltr'><strong>nam</strong></span> <span class='ocrx_word' id='word_1_154' title='bbox 647 3016 755 3071; x_wconf 87' lang='lat' dir='ltr'><strong>eausa,</strong></span> <span class='ocrx_word' id='word_1_155' title='bbox 789 3017 842 3058; x_wconf 88' lang='lat' dir='ltr'><strong>eur</strong></span> <span class='ocrx_word' id='word_1_156' title='bbox 878 2994 1001 3058; x_wconf 87' lang='lat' dir='ltr'><strong>Orestes</strong></span> <span class='ocrx_word' id='word_1_157' title='bbox 1032 2996 1062 3057; x_wconf 91' lang='lat' dir='ltr'><strong>et</strong></span> <span class='ocrx_word' id='word_1_158' title='bbox 1093 2992 1214 3057; x_wconf 82' lang='lat' dir='ltr'><strong>Electra</strong></span> <span class='ocrx_word' id='word_1_159' title='bbox 1241 2990 1342 3054; x_wconf 81' lang='lat' dir='ltr'><strong>vexati</strong></span> 
     </span>
     <span class='ocr_line' id='line_1_23' title="bbox 332 3108 1342 3199; baseline -0.01 -21"><span class='ocrx_word' id='word_1_160' title='bbox 332 3115 467 3190; x_wconf 89' lang='lat' dir='ltr'><strong>fuerant,</strong></span> <span class='ocrx_word' id='word_1_161' title='bbox 497 3113 595 3177; x_wconf 84' lang='lat' dir='ltr'><strong>fuerat</strong></span> <span class='ocrx_word' id='word_1_162' title='bbox 625 3110 698 3177; x_wconf 86' lang='lat' dir='ltr'><strong>haeo</strong></span> <span class='ocrx_word' id='word_1_163' title='bbox 729 3113 810 3199; x_wconf 89' lang='lat' dir='ltr'><strong>ipsa,</strong></span> <span class='ocrx_word' id='word_1_164' title='bbox 840 3113 921 3196; x_wconf 92' lang='lat' dir='ltr'><strong>quod</strong></span> <span class='ocrx_word' id='word_1_165' title='bbox 950 3111 1074 3198; x_wconf 85' lang='lat' dir='ltr'><strong>probare</strong></span> <span class='ocrx_word' id='word_1_166' title='bbox 1096 3110 1202 3174; x_wconf 87' lang='lat' dir='ltr'><strong>matris</strong></span> <span class='ocrx_word' id='word_1_167' title='bbox 1225 3108 1342 3193; x_wconf 86' lang='lat' dir='ltr'><strong>flagitia</strong></span> 
     </span>
     <span class='ocr_line' id='line_1_24' title="bbox 332 3229 1341 3317; baseline -0.007 -21"><span class='ocrx_word' id='word_1_168' title='bbox 332 3234 419 3317; x_wconf 89' lang='lat' dir='ltr'><strong>eique</strong></span> <span class='ocrx_word' id='word_1_169' title='bbox 448 3231 620 3296; x_wconf 85' lang='lat' dir='ltr'><strong>auscultare</strong></span> <span class='ocrx_word' id='word_1_170' title='bbox 646 3231 830 3298; x_wconf 89' lang='lat' dir='ltr'><strong>noluissent:</strong></span> <span class='ocrx_word' id='word_1_171' title='bbox 854 3230 914 3295; x_wconf 90' lang='lat' dir='ltr'><strong>hoo</strong></span> <span class='ocrx_word' id='word_1_172' title='bbox 938 3232 974 3296; x_wconf 92' lang='lat' dir='ltr'><strong>ad</strong></span> <span class='ocrx_word' id='word_1_173' title='bbox 998 3231 1098 3316; x_wconf 89' lang='lat' dir='ltr'><strong>ipsum</strong></span> <span class='ocrx_word' id='word_1_174' title='bbox 1124 3229 1262 3293; x_wconf 89' lang='lat' dir='ltr'><strong>divinum</strong></span> <span class='ocrx_word' id='word_1_175' title='bbox 1285 3249 1341 3290; x_wconf 90' lang='lat' dir='ltr'><strong>no-</strong></span> 
     </span>
     <span class='ocr_line' id='line_1_25' title="bbox 332 3345 1342 3435; baseline -0.007 -19"><span class='ocrx_word' id='word_1_176' title='bbox 332 3374 399 3416; x_wconf 88' lang='lat' dir='ltr'><strong>rnen</strong></span> <span class='ocrx_word' id='word_1_177' title='bbox 434 3353 577 3416; x_wconf 85' lang='lat' dir='ltr'><strong>refertor:</strong></span> <span class='ocrx_word' id='word_1_178' title='bbox 613 3350 764 3427; x_wconf 81' lang='lat' dir='ltr'><strong>scelerati,</strong></span> <span class='ocrx_word' id='word_1_179' title='bbox 798 3373 891 3435; x_wconf 89' lang='lat' dir='ltr'><strong>quum</strong></span> <span class='ocrx_word' id='word_1_180' title='bbox 925 3349 1009 3426; x_wconf 80' lang='lat' dir='ltr'><strong>illos,</strong></span> <span class='ocrx_word' id='word_1_181' title='bbox 1047 3349 1099 3434; x_wconf 94' lang='lat' dir='ltr'><strong>qui</strong></span> <span class='ocrx_word' id='word_1_182' title='bbox 1130 3347 1187 3412; x_wconf 89' lang='lat' dir='ltr'><strong>sibi</strong></span> <span class='ocrx_word' id='word_1_183' title='bbox 1220 3345 1342 3411; x_wconf 90' lang='lat' dir='ltr'><strong>obedire</strong></span> 
     </span>
     <span class='ocr_line' id='line_1_26' title="bbox 329 3466 1340 3554; baseline -0.008 -20"><span class='ocrx_word' id='word_1_184' title='bbox 329 3469 463 3546; x_wconf 87' lang='lat' dir='ltr'><strong>nollent,</strong></span> <span class='ocrx_word' id='word_1_185' title='bbox 488 3473 645 3546; x_wconf 88' lang='lat' dir='ltr'><strong>vexarent,</strong></span> <span class='ocrx_word' id='word_1_186' title='bbox 670 3469 766 3554; x_wconf 90' lang='lat' dir='ltr'><strong>ipsum</strong></span> <span class='ocrx_word' id='word_1_187' title='bbox 791 3469 888 3534; x_wconf 90' lang='lat' dir='ltr'><strong>Deum</strong></span> <span class='ocrx_word' id='word_1_188' title='bbox 908 3467 1010 3552; x_wconf 90' lang='lat' dir='ltr'><strong>aliquo</strong></span> <span class='ocrx_word' id='word_1_189' title='bbox 1031 3467 1120 3532; x_wconf 89' lang='lat' dir='ltr'><strong>modo</strong></span> <span class='ocrx_word' id='word_1_190' title='bbox 1141 3466 1198 3530; x_wconf 91' lang='lat' dir='ltr'><strong>visi</strong></span> <span class='ocrx_word' id='word_1_191' title='bbox 1220 3466 1340 3528; x_wconf 82' lang='lat' dir='ltr'><strong>fuerant</strong></span> 
     </span>
     <span class='ocr_line' id='line_1_27' title="bbox 330 3583 1340 3675; baseline -0.005 -24"><span class='ocrx_word' id='word_1_192' title='bbox 330 3589 449 3653; x_wconf 85' lang='lat' dir='ltr'><strong>vincere</strong></span> <span class='ocrx_word' id='word_1_193' title='bbox 482 3593 638 3675; x_wconf 89' lang='lat' dir='ltr'><strong>propterea</strong></span> <span class='ocrx_word' id='word_1_194' title='bbox 671 3588 752 3672; x_wconf 90' lang='lat' dir='ltr'><strong>quod</strong></span> <span class='ocrx_word' id='word_1_195' title='bbox 787 3587 845 3652; x_wconf 92' lang='lat' dir='ltr'><strong>sibi</strong></span> <span class='ocrx_word' id='word_1_196' title='bbox 877 3587 1090 3651; x_wconf 81' lang='lat' dir='ltr'><strong>adversaretur.</strong></span> <span class='ocrx_word' id='word_1_197' title='bbox 1138 3583 1250 3648; x_wconf 90' lang='lat' dir='ltr'><strong>Verum</strong></span> <span class='ocrx_word' id='word_1_198' title='bbox 1275 3584 1340 3667; x_wconf 87' lang='lat' dir='ltr'><strong>jam</strong></span> 
     </span>
     <span class='ocr_line' id='line_1_28' title="bbox 327 3701 1340 3783; baseline -0.006 -13"><span class='ocrx_word' id='word_1_199' title='bbox 327 3711 452 3770; x_wconf 86' lang='lat' dir='ltr'><strong>eventus</strong></span> <span class='ocrx_word' id='word_1_200' title='bbox 480 3707 602 3783; x_wconf 84' lang='lat' dir='ltr'><strong>docuit,</strong></span> <span class='ocrx_word' id='word_1_201' title='bbox 630 3707 768 3770; x_wconf 90' lang='lat' dir='ltr'><strong>divinum</strong></span> <span class='ocrx_word' id='word_1_202' title='bbox 792 3727 903 3770; x_wconf 91' lang='lat' dir='ltr'><strong>numen</strong></span> <span class='ocrx_word' id='word_1_203' title='bbox 926 3727 987 3768; x_wconf 89' lang='lat' dir='ltr'><strong>non</strong></span> <span class='ocrx_word' id='word_1_204' title='bbox 1011 3705 1041 3770; x_wconf 84' lang='lat' dir='ltr'><strong>vi</strong></span> <span class='ocrx_word' id='word_1_205' title='bbox 1066 3727 1119 3768; x_wconf 89' lang='lat' dir='ltr'><strong>soa</strong></span> <span class='ocrx_word' id='word_1_206' title='bbox 1142 3725 1259 3768; x_wconf 81' lang='lat' dir='ltr'><strong>carere:</strong></span> <span class='ocrx_word' id='word_1_207' title='bbox 1283 3701 1340 3766; x_wconf 87' lang='lat' dir='ltr'><strong>eti-</strong></span> 
     </span>
     <span class='ocr_line' id='line_1_29' title="bbox 330 3823 1339 3915; baseline -0.005 -25"><span class='ocrx_word' id='word_1_208' title='bbox 330 3827 402 3890; x_wconf 90' lang='lat' dir='ltr'><strong>amsi</strong></span> <span class='ocrx_word' id='word_1_209' title='bbox 438 3825 516 3891; x_wconf 91' lang='lat' dir='ltr'><strong>illud</strong></span> <span class='ocrx_word' id='word_1_210' title='bbox 551 3826 653 3910; x_wconf 92' lang='lat' dir='ltr'><strong>aliquo</strong></span> <span class='ocrx_word' id='word_1_211' title='bbox 687 3826 777 3890; x_wconf 92' lang='lat' dir='ltr'><strong>modo</strong></span> <span class='ocrx_word' id='word_1_212' title='bbox 812 3825 945 3910; x_wconf 88' lang='lat' dir='ltr'><strong>superari</strong></span> <span class='ocrx_word' id='word_1_213' title='bbox 969 3823 1122 3915; x_wconf 85' lang='lat' dir='ltr'><strong>videatur,</strong></span> <span class='ocrx_word' id='word_1_214' title='bbox 1153 3825 1272 3908; x_wconf 89' lang='lat' dir='ltr'><strong>oportet</strong></span> <span class='ocrx_word' id='word_1_215' title='bbox 1294 3843 1339 3886; x_wconf 89' lang='lat' dir='ltr'><strong>re-</strong></span> 
     </span>
     <span class='ocr_line' id='line_1_30' title="bbox 329 3941 1339 4030; baseline -0.002 -25"><span class='ocrx_word' id='word_1_216' title='bbox 329 3947 423 4009; x_wconf 89' lang='lat' dir='ltr'><strong>vereri</strong></span> <span class='ocrx_word' id='word_1_217' title='bbox 455 3944 582 4009; x_wconf 86' lang='lat' dir='ltr'><strong>eoeleste</strong></span> <span class='ocrx_word' id='word_1_218' title='bbox 610 3945 786 4030; x_wconf 88' lang='lat' dir='ltr'><strong>imparium,</strong></span> <span class='ocrx_word' id='word_1_219' title='bbox 818 3945 898 4027; x_wconf 91' lang='lat' dir='ltr'><strong>qood</strong></span> <span class='ocrx_word' id='word_1_220' title='bbox 931 3965 986 4008; x_wconf 90' lang='lat' dir='ltr'><strong>suo</strong></span> <span class='ocrx_word' id='word_1_221' title='bbox 1014 3949 1146 4028; x_wconf 90' lang='lat' dir='ltr'><strong>tempore</strong></span> <span class='ocrx_word' id='word_1_222' title='bbox 1169 3941 1263 4005; x_wconf 90' lang='lat' dir='ltr'><strong>malos</strong></span> <span class='ocrx_word' id='word_1_223' title='bbox 1287 3962 1339 4023; x_wconf 94' lang='lat' dir='ltr'><strong>op·</strong></span> 
     </span>
     <span class='ocr_line' id='line_1_31' title="bbox 328 4059 1337 4150; baseline -0.007 -24"><span class='ocrx_word' id='word_1_224' title='bbox 328 4064 445 4150; x_wconf 87' lang='lat' dir='ltr'><strong>primat.</strong></span> <span class='ocrx_word' id='word_1_225' title='bbox 491 4063 543 4126; x_wconf 85' lang='lat' dir='ltr'><strong>Sic</strong></span> <span class='ocrx_word' id='word_1_226' title='bbox 568 4060 705 4138; x_wconf 84' lang='lat' dir='ltr'><strong>Chorus,</strong></span> <span class='ocrx_word' id='word_1_227' title='bbox 735 4061 816 4145; x_wconf 89' lang='lat' dir='ltr'><strong>quod</strong></span> <span class='ocrx_word' id='word_1_228' title='bbox 847 4067 950 4139; x_wconf 87' lang='lat' dir='ltr'><strong>antea,</strong></span> <span class='ocrx_word' id='word_1_229' title='bbox 982 4064 1040 4137; x_wconf 87' lang='grc'><strong>61,</strong></span> <span class='ocrx_word' id='word_1_230' title='bbox 1071 4059 1246 4135; x_wconf 87' lang='lat' dir='ltr'><strong>nunciavit,</strong></span> <span class='ocrx_word' id='word_1_231' title='bbox 1273 4063 1337 4121; x_wconf 89' lang='lat' dir='ltr'><strong>tum</strong></span> 
     </span>
     <span class='ocr_line' id='line_1_32' title="bbox 328 4176 1337 4272; baseline -0.007 -28"><span class='ocrx_word' id='word_1_232' title='bbox 328 4203 415 4264; x_wconf 89' lang='lat' dir='ltr'><strong>vero,</strong></span> <span class='ocrx_word' id='word_1_233' title='bbox 443 4181 506 4264; x_wconf 87' lang='lat' dir='ltr'><strong>jam</strong></span> <span class='ocrx_word' id='word_1_234' title='bbox 529 4183 664 4245; x_wconf 86' lang='lat' dir='ltr'><strong>instante</strong></span> <span class='ocrx_word' id='word_1_235' title='bbox 688 4181 864 4272; x_wconf 82' lang='lat' dir='ltr'><strong>certamine,</strong></span> <span class='ocrx_word' id='word_1_236' title='bbox 895 4181 958 4244; x_wconf 82' lang='lat'><strong>390</strong></span> <span class='ocrx_word' id='word_1_237' title='bbox 983 4184 1013 4244; x_wconf 90' lang='lat' dir='ltr'><strong>et</strong></span> <span class='ocrx_word' id='word_1_238' title='bbox 1037 4181 1119 4255; x_wconf 89' lang='grc'>464,</span> <span class='ocrx_word' id='word_1_239' title='bbox 1149 4176 1337 4264; x_wconf 83' lang='lat' dir='ltr'><strong>praesagiens</strong></span> 
     </span>
    </p>
   </div>
   <div class='ocr_carea' id='block_1_5' title="bbox 0 0 1493 4974">
    <p class='ocr_par' dir='ltr' id='par_1_7' title="bbox 0 0 1493 4974">
     <span class='ocr_line' id='line_1_33' title="bbox 0 0 1493 4974; baseline 0 0"><span class='ocrx_word' id='word_1_240' title='bbox 0 0 1493 4974; x_wconf 95' lang='lat' dir='ltr'><strong> </strong></span> 
     </span>
    </p>
   </div>
  </div>
 </body>
</html>
