2956 4974
321 517 356 560 lv
801 530 843 541 -·

322 698 478 763 veritatem
502 695 697 784 repudiabit?
743 695 807 767 Qui
835 693 898 760 dies
921 697 1086 780 noctesqm
1107 693 1141 760 iu
1164 695 1252 760 rebus
1274 694 1329 760 ob-

322 831 420 896 scuris
447 835 477 895 et
501 828 660 896 intellectu
689 828 865 895 difficilibus
891 827 1083 893 illustrandis
1107 835 1138 894 et
1160 828 1329 916 aperiendis

320 965 484 1050 transigat,
511 985 583 1029 num
610 964 638 1028 is
667 963 711 1028 ita
738 967 831 1027 semet
861 962 960 1048 ipsum
991 960 1089 1049 decipi
1121 962 1267 1048 patietur,
1293 967 1331 1026 ut

323 1097 452 1184 pessimo
483 1118 581 1162 errore
610 1094 731 1183 fragilia
761 1098 792 1159 et
823 1094 937 1160 caduca
960 1101 1119 1180 sequatur,
1140 1117 1238 1160 veram
1258 1096 1330 1160 soli-

323 1229 450 1313 damque
471 1228 612 1294 virtutem
630 1225 783 1314 negligat,
802 1227 1008 1291 aeternitatem
1025 1228 1263 1313 praetermittat?
1288 1227 1331 1292 m

321 1367 421 1427 tamen
444 1360 605 1448 prudentia
628 1359 800 1424 mortalium
824 1357 934 1425 debilis
953 1365 1015 1437 est,
1034 1366 1065 1424 et
1082 1361 1146 1426 fieri
1165 1359 1328 1446 aliquando

321 1495 414 1572 solet,
438 1501 471 1559 ut
490 1492 706 1558 nonnullorum
726 1491 829 1558 stadia
848 1492 887 1557 ad
905 1497 984 1558 artes
1004 1492 1242 1580 disciplinasque
1260 1516 1328 1580 pro·

323 1627 472 1692 vehendas
496 1632 526 1692 et
548 1627 586 1693 ad
609 1625 735 1691 aliorum
758 1626 880 1713 ingenia
901 1613 1068 1711 adjuvanda
1088 1630 1276 1714 pertineant,
1291 1627 1331 1691 ad

323 1762 457 1849 ipsorum
479 1782 549 1826 vero
573 1759 620 1825 vel
644 1764 750 1846 pectus
768 1759 992 1824 informandum
1016 1765 1047 1824 et
1066 1759 1264 1826 erudiendum
1283 1759 1330 1824 vel

322 1896 497 1961 felicitatem
529 1893 714 1963 laudandam
737 1897 769 1957 et
791 1894 935 1958 tuendam
956 1915 1061 1980 mnam
1084 1893 1224 1981 prodesse
1247 1894 1330 1959 vide-

322 2035 420 2094 antur.
444 2028 552 2092 Siutne
574 2031 673 2090 autem
698 2025 893 2112 disciplinae,
915 2046 1042 2111 quarum
1062 2026 1180 2090 fructus
1201 2027 1240 2092 ad
1263 2049 1331 2112 pec·

322 2168 388 2227 tora
410 2160 584 2243 animosque
606 2158 774 2224 redundare
797 2157 923 2222 debeant
947 2158 1047 2224 minus
1074 2159 1256 2236 necessario,
1278 2159 1330 2224 alii

324 2295 475 2361 viderint:
503 2293 540 2357 de
570 2292 683 2356 nostris
714 2313 785 2356 vero
820 2291 916 2356 literis
950 2290 1025 2377 quid
1059 2313 1114 2356 nos
1133 2292 1329 2377 judicamus?

323 2431 373 2494 An
408 2427 547 2492 Historia
581 2447 628 2490 res
662 2429 764 2512 gestas
796 2423 942 2502 illustrat,
973 2429 1024 2501 ut,
1046 2426 1101 2510 qui
1127 2423 1180 2489 has
1205 2425 1332 2502 viderit,

323 2560 401 2626 nihil
431 2561 576 2625 interesse
607 2581 661 2624 sua
687 2558 856 2634 existimet,
884 2561 919 2621 ut
941 2563 1079 2643 quaerat,
1102 2560 1176 2644 quid
1198 2558 1257 2624 sibi
1279 2583 1332 2647 ge·

323 2696 449 2762 rendum
469 2695 533 2760 sit?
568 2695 619 2759 Au
642 2689 842 2778 Philosophus
863 2691 899 2755 de
918 2691 978 2756 fine
997 2689 1144 2756 bonorum
1164 2698 1195 2758 et
1214 2691 1251 2756 de
1266 2693 1331 2758 ani-

323 2851 438 2894 morum
465 2825 693 2892 immortalitate
715 2847 832 2889 summo
853 2823 956 2890 shrdio
973 2825 1163 2909 inquirentes
1181 2824 1332 2911 legemus,

323 2964 383 3049 ipsi
415 2983 500 3039 vero,
522 2981 579 3024 nec
602 2959 678 3045 quid
700 2959 731 3022 in
758 2957 821 3023 vita
843 2955 932 3022 nobis
955 2957 1155 3044 expetendum
1178 2980 1234 3023 nec
1256 2959 1331 3044 quid

325 3102 394 3183 post
424 3099 550 3159 mortem
580 3085 816 3180 exspectandam
849 3091 907 3168 sit,
935 3111 1004 3155 cum
1024 3089 1143 3176 judicio
1166 3097 1196 3156 et
1217 3092 1333 3158 intelli·

324 3227 428 3316 gentia
451 3225 646 3292 curabimus?
670 3225 780 3290 Poetae
800 3224 903 3289 divino
919 3224 1031 3311 spiritu
1048 3225 1150 3289 inflari
1171 3223 1332 3292 dicuntur:

413 3495 572 3560 Silvestres
596 3493 733 3558 homines
758 3511 841 3556 sacer
863 3492 1071 3578 interpresque
1094 3489 1228 3558 Deorum

411 3627 562 3692 Caedibus
584 3631 615 3691 et
636 3625 722 3690 victu
746 3625 833 3688 foedo
857 3623 1004 3690 deterruit
1030 3623 1186 3711 Orpheus,

414 3761 526 3825 Dictus
548 3757 587 3823 ob
609 3757 667 3823 hoc
690 3756 785 3822 lenire
808 3758 902 3845 tigres
926 3756 1108 3844 rabidosque
1131 3757 1247 3824 leones:

413 3893 526 3957 Dictus
548 3898 579 3957 et
601 3889 756 3978 Amphion
782 3889 940 3956 Thebanae
964 3891 1103 3957 conditor
1125 3891 1203 3956 arcis

413 4027 492 4090 Saxa
517 4047 635 4091 movere
657 4047 731 4088 sono
755 4025 926 4091 testudinis.

321 4291 449 4356 Scilicet
478 4296 547 4379 post
574 4289 728 4378 Orpheum
756 4295 787 4355 et
810 4289 1010 4378 Amphionem
1036 4291 1196 4357 Poetarum
1219 4313 1331 4356 munus
