2956 4974
355 489 397 549 66
645 504 910 549 aurnaeaurarro
933 504 1068 549 narrar.

278 689 341 750 830
354 687 475 750 nomine
509 685 717 772 compellanti,
735 691 765 750 et
781 687 944 751 terminum
961 709 1075 772 ponens
1093 684 1256 750 calamitati
1275 686 1361 769 igno-

355 805 513 881 miniosae,
545 805 706 888 Perseique
728 803 841 868 habens
863 805 896 868 in
920 809 1041 890 pectore
1064 805 1215 880 animum,
1237 803 1363 866 infernis

354 923 459 986 amicis
494 923 670 1009 superisque
701 945 867 1008 exsequens
901 923 1006 987 tristes
1039 923 1100 987 iras
1133 927 1203 986 ante
1237 921 1365 1008 gaudia,

354 1045 509 1106 cruentam
532 1040 646 1105 cladem
669 1041 755 1106 intus
777 1041 888 1126 perfice
910 1045 941 1105 et
963 1041 1054 1127 perde
1078 1043 1185 1105 mortis
1202 1044 1364 1106 auctorem.

665 1279 876 1355 Aruasruus,
907 1276 1055 1342 Oeonas.

398 1514 571 1596 Aspiathue.
617 1512 716 1578 Venio
739 1512 877 1596 equidem
893 1534 955 1576 nou
975 1517 1083 1599 sponte
1101 1534 1168 1577 mea
1183 1509 1269 1577 seda
1289 1532 1368 1574 nuu-

354 1633 402 1698 cio
432 1633 610 1698 arcessitus:
641 1654 711 1696 nam
740 1653 849 1696 novam
882 1632 991 1696 famam
1022 1631 1114 1696 audio
1145 1629 1366 1716 aquibusdam

277 1753 339 1814 840
354 1750 585 1816 advenientibus
601 1749 775 1836 hospitibus
790 1750 923 1828 narrari,
937 1751 1062 1814 minime
1073 1754 1223 1836 optatam,
1240 1753 1367 1814 mortem

354 1869 487 1934 Orestae.
532 1869 575 1934 Et
597 1868 656 1934 hoc
678 1869 756 1934 foret
779 1891 857 1934 onus
877 1869 980 1934 domui
996 1869 1209 1934 sustinendum
1229 1865 1368 1932 terribile

352 1993 421 2074 post
440 1987 552 2052 vulnus
572 1987 657 2074 prius
675 1989 802 2052 crudum
819 1992 849 2052 et
863 1987 1013 2052 mordens.
1046 1986 1206 2058 Quomodo
1218 1984 1314 2071 hujus
1327 1987 1368 2050 rei

356 2105 511 2175 veritatem
534 2112 564 2170 et
587 2105 833 2192 perspicuitatem
849 2104 1017 2190 judicabo?
1050 2106 1134 2170 Num
1156 2105 1369 2170 amulieribus

354 2224 460 2310 repleti
483 2229 596 2288 terrore
619 2247 769 2288 sermones
794 2247 846 2310 per
869 2235 965 2290 aerem
988 2223 1110 2301 volant,
1132 2225 1298 2290 morientes
1321 2225 1368 2288 iu-

356 2343 496 2408 cassum?
532 2341 617 2412 Quid
640 2341 748 2407 horum
772 2343 877 2408 dicens
901 2365 981 2408 meae
1004 2343 1099 2408 menti
1122 2343 1235 2429 aperire
1258 2341 1368 2428 potes?

401 2461 470 2524 cto.
516 2460 699 2526 Audivimus
731 2462 870 2545 quidem,
897 2484 999 2526 verum
1022 2462 1106 2526 intra
1130 2461 1251 2526 domum
1278 2465 1310 2526 et
1333 2459 1369 2524 ab

354 2577 526 2664 hospitibus
550 2580 724 2664 comperite.
759 2579 849 2644 Nihil
872 2581 980 2644 nuncii
1003 2579 1105 2645 valent
1123 2601 1193 2666 prae
1212 2601 1264 2658 eo,
1286 2578 1370 2665 quod

278 2698 341 2760 850
354 2697 420 2783 ipse
442 2698 489 2765 vir
513 2695 550 2760 de
572 2695 621 2760 his
644 2696 733 2763 rebus
758 2701 944 2784 compererit.

401 2820 455 2880 Aa.
501 2815 614 2882 Verum
644 2816 746 2881 videre
775 2822 805 2880 et
828 2817 958 2881 scrutari
981 2817 1130 2881 nuncium
1152 2815 1237 2893 volo,
1263 2821 1369 2884 utrum
1461 2817 1462 2890 l

354 2934 421 3018 ipae
449 2955 541 3020 prope
571 2935 746 2998 morientem
778 2936 926 3013 adfuerit,
953 2957 991 2998 an
1018 2958 1056 3000 ex
1086 2935 1215 3000 obscuro
1245 2956 1369 3001 rumore

352 3055 474 3137 accepta
500 3051 652 3135 loquatur.
701 3053 774 3118 Non
805 3075 877 3120 saue
896 3057 1027 3119 mentem
1051 3053 1200 3119 oculatam
1226 3051 1369 3140 decipiet.
1461 3077 1462 3160 p

611 3288 767 3367 Cnosos,
796 3290 989 3356 Auarsrnus
1016 3290 1108 3354 tutus.

401 3524 468 3588 Cdo.
515 3525 544 3586 O
563 3521 585 3586 J
588 3523 701 3610 opiter,
723 3523 861 3611 Jupiter,
885 3525 959 3610 quid
980 3525 1100 3590 dicam?
1121 3524 1204 3588 unde
1219 3525 1368 3612 incipiam
1461 3525 1462 3580 l

353 3641 405 3704 has
425 3663 528 3726 preces
547 3645 577 3706 et
596 3641 856 3728 supplicationes?
887 3643 1049 3727 Quumque
1069 3647 1173 3708 tantus
1185 3664 1270 3706 meus
1283 3665 1368 3710 amor
1461 3699 1462 3726 .

352 3759 407 3834 sit,
429 3759 580 3842 quomodo
603 3760 632 3824 ei
652 3760 733 3845 paria
754 3760 842 3824 verba
862 3759 946 3845 loqui
962 3766 1068 3846 potero
1086 3761 1100 3824 P
1122 3781 1206 3826 nunc
1218 3761 1301 3826 enim
1315 3768 1368 3826 aut

275 3878 337 3939 860
350 3876 486 3940 foedatae
509 3877 649 3963 cuspides
674 3877 792 3942 ensium
816 3878 982 3944 crudelium
1008 3880 1131 3944 omnino
1155 3879 1289 3944 afficient
1313 3881 1367 3946 do·
1461 3871 1462 3952 ᾗ

350 4016 417 4058 mus
442 3998 699 4080 Agamemnoniae
713 3996 872 4063 interitum
889 3998 920 4061 in
938 4019 1027 4060 omne
1042 4005 1178 4082 tempus,
1194 4002 1246 4062 aut
1261 3999 1366 4084 ignem
1461 4031 1462 4036 ¹

352 4111 511 4196 lucemque
530 4114 696 4178 accendens
720 4119 840 4201 propter
861 4114 1031 4184 libertatem
1051 4116 1142 4180 etiam
1158 4116 1296 4182 ciuitatis
1308 4118 1366 4182 im·

349 4231 464 4317 perium
496 4229 635 4308 habebit,
665 4237 784 4318 patrum
809 4232 900 4298 altam
923 4233 1085 4298 fortunam.
1120 4231 1225 4298 Talem
1248 4234 1362 4306 luctam
1461 4227 1462 4278 l
