2956 4974
594 464 793 512 annonario.
1148 449 1189 510 89

197 650 329 714 ῶπενκτδν
359 648 434 726 οἶνος
464 643 559 712 εἶπεν·
589 645 750 728 ’ἀπότροπον
780 651 835 712 τῶν
858 645 1000 728 ἡμετέρων
1023 651 1119 712 κοοκῶν
1141 646 1190 712 nal

197 773 246 832 τῶν
276 769 392 846 aioaldo
426 772 481 833 τῶν
515 767 631 848 ἐχθρῶν.
679 766 749 829 Non
786 787 858 852 ergo
894 764 1030 830 dubitari
1062 764 1192 852 recipere

195 885 278 964 ἄνοςε
301 889 379 952 forte
400 890 501 950 tamen
524 885 632 950 melius
657 884 852 949 Hermannus
875 881 958 961 ῶνος.
1004 885 1077 966 Πρὸς
1099 882 1192 967 ἔρυκον

195 1009 338 1096 conjungo
369 1030 437 1074 cum
461 1006 644 1088 κεχυμένων,
678 1029 738 1070 non
763 1027 831 1069 cum
854 1001 929 1070 ἵετεε
964 1005 1093 1092 appellat
1114 1007 1192 1087 χοῶς

195 1126 296 1207 κακῶς,
329 1127 399 1212 quia
434 1125 650 1213 proveniebant
681 1146 697 1188 a
728 1123 983 1208 Clytaemnestra,
1012 1147 1088 1210 qnae
1109 1126 1192 1210 Aga-

197 1267 373 1310 memnonem
404 1245 616 1310 interfecerat:
647 1243 762 1307 easdem
795 1265 864 1308 vero
893 1242 1011 1321 κεδνοὶς,
1041 1243 1112 1328 quia
1137 1241 1193 1308 illa

197 1369 286 1428 tamen
311 1364 424 1448 conjux
454 1363 553 1426 fuerat
579 1365 610 1426 et
633 1383 714 1426 iruna
738 1362 892 1426 caritatem
916 1361 1088 1448 significare
1112 1362 1192 1428 vole-

197 1480 254 1547 bat:
275 1483 312 1548 cf.
335 1483 371 1547 ad
397 1485 475 1547 234:
499 1503 587 1566 quam
609 1501 678 1544 vero
702 1478 774 1544 baec
798 1481 932 1545 caritatis
956 1480 1109 1546 simulatio
1132 1480 1192 1546 sibi

197 1599 359 1686 displiceat,
390 1605 425 1664 ut
456 1599 557 1664 κεδνῶν
586 1599 673 1684 quasi
703 1598 838 1664 acerbam
869 1597 986 1663 landem
1017 1604 1047 1663 et
1070 1599 1192 1664 damua-

196 1719 265 1784 tioni
288 1719 417 1784 similem
441 1718 564 1796 habeat,
588 1719 741 1805 significat
762 1719 939 1804 interposita
955 1718 1103 1783 sententia
1118 1717 1193 1784 ῶπό-

197 1861 287 1918 τροτον
308 1837 382 1916 οἶνος
412 1837 598 1918 ῶπεύχετονε
628 1837 682 1922 qui
710 1837 915 1901 nominativus
939 1836 1061 1902 additur
1084 1837 1121 1901 ad
1144 1861 1192 1902 κε-

197 1958 320 2038 χυμένον
341 1960 433 2037 χοῶν,
457 1956 544 2042 qnasi
566 1955 663 2033 dicat,
685 1953 703 2021 ὅ
722 1956 799 2021 ἐστιν
821 1954 981 2036 ἀπότροπον
1003 1952 1077 2032 otyor
1099 1955 1190 2022 ῶπεῶ-

197 2098 285 2157 χετον.
329 2074 375 2140 cf.
399 2075 436 2140 ad
467 2077 540 2140 200.
585 2075 660 2140 linat
690 2075 727 2138 de
757 2073 1013 2160 Clytaemnestrae
1044 2074 1192 2140 sententia

199 2195 320 2280 expiatio
341 2194 377 2258 ad
402 2191 479 2258 mala
498 2193 735 2270 averruncanda,
757 2198 792 2257 ut
815 2196 873 2258 43:
897 2193 949 2258 sed
972 2191 1091 2258 Chorus
1112 2191 1192 2259 hanc

199 2313 388 2400 expiationem
406 2311 604 2376 abominatur.
638 2311 718 2376 Aliis
733 2312 791 2376 alia
806 2310 944 2399 placent,
967 2317 997 2376 et
1012 2316 1085 2376 sunt
1100 2313 1190 2378 etiam

198 2431 244 2513 qui
265 2431 449 2518 conjecturas
471 2413 698 2518 proposuerint:
721 2429 805 2494 velut
827 2430 928 2494 κεδνῶν
946 2436 1041 2496 κακῶν
1059 2433 1097 2496 τ’.
1129 2430 1191 2496 Sed

198 2547 266 2613 nihil
294 2550 414 2628 inveni,
444 2549 525 2634 quod
556 2548 631 2613 mihi
661 2548 767 2614 melius
799 2547 898 2614 adhuc
929 2550 1080 2614 videretur
1102 2572 1190 2636 quam

197 2665 225 2730 id
250 2669 328 2753 quod
359 2669 512 2755 proposui.
557 2667 627 2733 Alia
663 2672 750 2733 antea
785 2668 947 2755 explicatio
978 2668 1051 2733 mihi
1082 2691 1192 2755 propo-

198 2788 284 2853 nenda
298 2787 473 2867 videbatur,
496 2807 579 2852 nunc
595 2809 664 2853 vero
689 2788 732 2865 ei,
755 2809 844 2872 qnam
860 2787 944 2866 dedi,
968 2786 1191 2875 posthabenda:

83 2985 84 2996 ἵ
199 2911 229 2968 ut
254 2911 345 2972 κακῶν
377 2906 609 2994 conjungeretur
640 2928 706 2971 cum
740 2906 849 2988 ἔρνμοο,
878 2907 979 2972 κεδνῶν
1010 2929 1077 2972 cum
1101 2905 1192 2986 ῶγοο,

199 3031 325 3111 essetque
344 3024 420 3104 ἄγος
440 3048 500 3090 non
522 3026 654 3113 expiatio
674 3027 724 3091 sed
745 3026 916 3113 piaculum,
939 3032 970 3091 et
987 3025 1079 3106 ἔρνμοο
1097 3032 1192 3092 κοοκῶν

199 3145 386 3231 appellaretur
408 3144 546 3211 tumulus
568 3147 822 3231 Agamemnonis,
844 3147 930 3231 quasi
954 3145 1098 3211 malorum
1122 3168 1192 3233 prc-

199 3265 410 3352 pnguaculnm,
432 3287 525 3350 quum
550 3287 587 3330 ex
606 3287 640 3328 eo
661 3265 863 3332 defensionem
882 3287 1088 3330 aerumnarum
1110 3264 1191 3330 Obo-

198 3402 242 3448 ms
263 3389 466 3472 exspectaret:
497 3382 575 3448 idem
608 3405 677 3449 vero
701 3383 869 3470 piaculum,
892 3405 952 3449 non
976 3405 1193 3459 averruncare,

198 3503 241 3566 sed
272 3504 549 3581 averruncandnnr,
583 3507 613 3568 et
647 3503 879 3569 abominandum
912 3503 1037 3582 amicis,
1071 3505 1192 3590 propter

199 3621 286 3688 caedis
309 3624 439 3688 nefariae
461 3623 643 3688 memoriam.

238 3743 303 3807 157.
348 3742 420 3807 κλύε
443 3741 473 3806 δέ
496 3763 555 3820 μον.
603 3740 755 3805 Homerus
780 3740 838 3804 Od.
862 3750 889 3808 A
915 3743 977 3806 767

494 3859 546 3924 ted
568 3859 598 3924 δὲ
620 3861 644 3924 οἱ
667 3857 767 3924 ἔκλυεν
789 3861 869 3940 cipis.

197 3971 250 4046 Qui
272 3977 391 4042 dativus
415 3977 442 4042 si
465 3999 546 4043 more
570 3977 734 4042 Homerico
753 3978 856 4064 potins
876 3977 919 4041 ita
939 3998 1008 4042 cum
1022 3977 1097 4058 ’ῶρῆς
1118 3997 1191 4041 con-

194 4091 355 4182 jungendus
386 4097 518 4184 cuipiam
546 4098 700 4175 videatur,
722 4102 758 4161 ut
780 4097 831 4161 vix
857 4117 873 4160 a
895 4095 1034 4182 genitivo
1056 4093 1192 4174 differat,

198 4215 284 4278 brnen
309 4220 407 4281 exstat
430 4215 517 4282 Iliad.
542 4226 577 4284 Ω
601 4219 663 4284 335
