2972 4974
563 484 765 532 annnorum.
1101 470 1164 532 lae

153 668 202 753 aj.
231 672 295 734 246
326 666 404 749 κάρον
433 667 612 747 κοιλάμμοοοι
642 667 844 750 κρυψάμενον,
876 673 907 732 et
937 673 1000 737 647
1030 669 1166 752 ὁχράνος

152 788 290 872 Φοννέντοο
311 788 481 870 κρύπτεται.

198 911 275 973 449.
318 907 511 989 κεκρυμμένοι.
558 907 629 972 Huc
652 905 784 994 pertinet
807 904 948 972 scholion
971 907 1040 986 πρὸς
1060 907 1095 974 τὸ
1112 932 1167 974 κοι-

152 1026 346 1104 τάκλειοτος,
371 1027 453 1111 quod
477 1025 657 1092 Diodorfius
679 1025 716 1090 ad
742 1025 891 1107 χοιΙρουοοι
913 1026 1095 1110 πολύδακρυν
1114 1049 1167 1114 po·

154 1146 227 1211 suit.
263 1146 349 1210 Idem
372 1145 409 1210 de
432 1145 607 1230 conjectura
630 1145 727 1210 edidit
750 1145 955 1226 κεκρυμμένον.

200 1266 276 1329 451.
321 1263 509 1345 ουντέτρουνε.
555 1265 605 1328 Ita
637 1263 717 1330 libri.
763 1263 960 1330 Robortellns
995 1265 1032 1330 de
1066 1265 1168 1352 oonje-

154 1387 245 1448 otora
266 1382 480 1464 ουμμέτροιινε,
504 1381 663 1448 Turnebus
686 1382 723 1447 σὺ
745 1383 887 1464 τέτραινε.

201 1505 276 1567 452.
321 1502 433 1583 ἡσύχῳ.
480 1502 589 1568 Monet
619 1500 754 1580 Chorus,
785 1509 820 1568 nt
840 1501 1005 1590 diligenter
1032 1501 1169 1568 attendat

156 1643 233 1687 neve
255 1620 372 1687 aberret
394 1645 411 1686 a
428 1621 594 1708 proposito.
627 1621 687 1686 Pro
705 1625 817 1705 φρενῶν
836 1623 868 1686 iu
888 1619 976 1686 libris
992 1627 1039 1686 est
1052 1627 1168 1705 Φρονῶν.

200 1744 276 1804 454.
321 1740 362 1806 τά
385 1737 419 1806 δ’.
466 1739 613 1825 Reliqua,
635 1761 742 1827 nempe
764 1762 841 1826 quae
866 1740 903 1804 ad
927 1742 1027 1827 ipsum
1052 1741 1169 1829 suppli-

157 1859 238 1924 cium
259 1858 429 1944 pertinent,
451 1881 544 1944 quum
567 1861 609 1925 τά
632 1858 686 1938 μὲν
708 1859 856 1939 luissent,
882 1881 959 1945 qnae
981 1859 1018 1925 ad
1042 1866 1167 1926 mortem

158 1976 397 2064 Agamemnonis
420 1976 620 2063 pertinebant.
665 1977 794 2044 ltetinui
816 1978 964 2044 librorum
987 1980 1168 2068 scripturam

158 2097 246 2179 ὀργᾷ,
271 2117 348 2182 qnae
373 2099 464 2162 etiam
487 2120 504 2161 a
528 2095 704 2162 soholiastis
726 2099 921 2186 agnoscitur,
942 2121 1072 2184 quornm
1094 2099 1170 2164 alter

158 2214 314 2280 existimat
328 2237 393 2280 esse
408 2215 560 2295 dativum,
576 2214 652 2282 alter
667 2216 787 2281 tertiam
800 2239 957 2306 personam
966 2216 1050 2283 verbi
1062 2216 1169 2300 ὀργάν.

159 2333 255 2400 Recte
276 2331 470 2400 Wellanerus
489 2339 606 2414 monet,
626 2335 729 2414 μοάεΐν
748 2357 813 2400 esse
831 2335 1018 2402 infinitivum
1038 2357 1093 2423 pro
1112 2335 1169 2400 im-

161 2454 295 2540 perativo
319 2453 463 2540 positum.
508 2451 690 2519 Emendatio
712 2453 860 2541 Scaligeri
884 2454 958 2537 ὅρνοο
980 2479 997 2519 a
1020 2454 1171 2541 plerisque

160 2577 279 2659 reoepta
302 2576 367 2638 est:
390 2593 453 2636 non
476 2573 578 2659 inepte
600 2572 712 2657 aliquis
734 2574 833 2638 suasit
854 2571 940 2656 ὅρμον.

204 2694 279 2756 455.
323 2691 464 2768 κυάιὶκειν.
509 2691 559 2756 Ad
582 2693 779 2778 propositum.

204 2813 279 2874 458.
323 2807 377 2874 nr.
422 2809 473 2874 Ita
496 2807 708 2874 Robortellus:
733 2810 766 2874 in
786 2809 822 2874 M
841 2805 990 2884 etGalb',
1007 2809 1039 2873 in
1056 2809 1171 2874 Aldina

161 2923 220 2992 trs.
264 2928 312 2992 De
344 2928 565 3014 permutatione
597 2927 754 2993 literarum
785 2951 806 2992 οι
839 2932 869 2994 et
899 2952 921 2992 υ
952 2928 990 2992 cf.
1013 2929 1170 2993 annotatio

162 3045 199 3110 ad
221 3049 296 3112 474.

205 3168 280 3230 458.
325 3163 440 3236 στάσις.
485 3163 532 3229 Gi.
558 3167 630 3229 114.

207 3285 280 3348 460.
325 3282 395 3362 πρὸς
424 3283 550 3364 ἐχθρούς.
597 3282 744 3348 Scholion
775 3282 840 3348 άντὶ
871 3283 978 3364 ἐχθρῶν
1003 3305 1066 3348 non
1089 3287 1171 3348 reete

164 3403 293 3469 mutavit
316 3401 514 3478 Dindorfius,
537 3424 631 3487 quum
653 3402 785 3468 ediderit
799 3401 865 3468 aar
880 3407 931 3468 τοῦ
943 3403 1058 3484 ἐχθρῶν.
1081 3401 1170 3468 Prae

165 3523 343 3609 positionem
366 3521 435 3602 πρὸς
458 3520 593 3608 explicat
615 3519 780 3586 scholiasta
803 3543 857 3608 per
879 3519 955 3587 olari.

207 3643 281 3706 461.
326 3638 506 3720 ξυμβάλλει.
542 3641 592 3704 Ita
610 3638 691 3705 libri.
722 3639 796 3705 Fere
815 3643 964 3704 mutatum
984 3643 1031 3704 est
1050 3643 1172 3726 propter

166 3765 312 3835 metrom3
335 3759 386 3824 alii
410 3759 597 3845 seripserunt
619 3757 784 3838 ξυμβάλοι,
807 3757 858 3822 alii
881 3755 1043 3836 ξυμβολεῖ.

209 3884 281 3945 466.
327 3878 402 3944 Post
436 3877 548 3950 ἐνδίκως
575 3877 770 3944 Hermannus
793 3877 830 3942 de
855 3878 1030 3964 conjectura
1052 3874 1172 3942 addidit

167 3997 253 4073 linae.

210 4121 282 4184 464.
327 4116 374 4182 of.
397 4119 483 4196 390,
506 4120 538 4182 et
560 4136 638 4200 quae
660 4112 873 4180 annotabimus
897 4113 933 4179 ad
958 4117 1033 4178 958.
1066 4112 1172 4198 Signi·

169 4235 270 4302 ficatur
293 4257 389 4323 poena
411 4235 671 4320 Clytaemnestrae
693 4237 724 4298 et
747 4231 899 4320 demstbi.
