2972 4974
343 473 403 534 130
749 489 948 536 Annonamo.

337 692 457 756 quoque
479 667 662 736 οὶντοδοδόνοοε
685 671 777 736 redde
797 671 936 736 hostibus
956 671 1019 734 tuis
1031 671 1229 757 utaooipiant
1241 670 1349 734 damna

337 790 426 876 paria.
473 789 564 860 Quod
589 794 688 854 autem
713 790 853 854 nonnulli
880 788 986 854 volunt
1009 788 1140 854 seribere
1162 788 1265 865 λοιβὰς
1293 809 1348 874 pro

335 905 480 986 βλάβος,
511 914 542 972 et
572 907 696 972 Suidam
728 911 859 972 afferunt
889 913 920 972 et
946 907 1012 971 loca
1041 907 1198 982 Platonis,
1221 905 1349 971 Phaedr.

337 1029 399 1090 236
423 1025 451 1089 B
474 1029 504 1090 et
528 1026 602 1112 Rep.
627 1029 692 1090 544
714 1025 756 1102 B,
780 1025 846 1111 ejus
868 1024 1008 1091 vocabuli
1028 1025 1213 1113 significatio
1233 1022 1270 1088 ab
1289 1022 1349 1088 hoo

334 1144 401 1210 loeo
436 1144 534 1208 aliena
563 1149 617 1209 est.
664 1145 805 1210 Ceterum
832 1165 1027 1232 personarum
1051 1143 1211 1210 distinctio
1234 1144 1267 1208 in
1291 1141 1349 1207 hac

337 1267 420 1348 parte
441 1261 560 1327 fabulae
582 1284 687 1328 rursus
711 1264 744 1327 in
767 1263 855 1328 libris
882 1263 1013 1328 vacillat,

379 1384 452 1444 495.
498 1379 634 1464 ἐξεγείρῃ.
688 1382 740 1446 Sio
780 1381 867 1446 libri:
899 1381 989 1446 multi
1024 1379 1157 1446 editores
1191 1377 1348 1460 ἐξεγείρεο,

332 1498 495 1583 eodemque
517 1499 606 1564 modo
633 1500 814 1586 sumpturam
839 1507 994 1565 mutarunt
1017 1502 1097 1577 509,
1121 1503 1204 1576 895,
1230 1502 1306 1564 912.

379 1621 451 1681 502.
499 1617 557 1681 Pro
587 1617 671 1694 γόνον
695 1623 767 1683 sunt
789 1619 842 1703 qui
866 1618 1012 1684 suadeant
1034 1619 1108 1696 ydor.
1153 1617 1246 1689 Quod
1269 1615 1347 1681 mihi

332 1757 394 1799 non
416 1735 530 1823 planet:
554 1759 610 1801 neo
634 1737 758 1814 dubito,
781 1739 854 1821 quin
879 1734 994 1818 duorlar
1018 1736 1100 1814 γόνον
1123 1737 1224 1800 eadem
1248 1735 1347 1822 signi-

333 1855 475 1920 ficatione
506 1854 623 1920 dietum
656 1857 698 1920 sit
726 1878 787 1940 qua
809 1853 932 1937 duosam:
956 1861 1037 1922 reete
1060 1853 1246 1922 Abresohius
1271 1876 1347 1918 oon·

334 1972 409 2038 tulit
431 1972 522 2040 Hom.
542 1973 580 2038 Il.
601 1984 625 2040 Z
650 1975 713 2039 180
738 1974 908 2051 trituratus
930 1975 986 2040 οὐδ’
1008 1973 1165 2056 οὶνορῶονοον.

379 2094 452 2155 505.
498 2091 639 2165 κληδόνες.
686 2092 794 2156 Minus
817 2092 894 2158 bone
917 2095 1113 2176 conjecerunt
1135 2091 1232 2164 κίονες.

378 2211 450 2274 506.
495 2208 610 2292 Φελλοὶ.
656 2209 756 2276 Simili
780 2210 896 2276 suberis
917 2212 1155 2298 comparatione,
1176 2210 1227 2275 sod
1240 2211 1274 2275 in
1287 2210 1348 2275 alia

332 2350 380 2408 re,
402 2329 502 2393 utitur
524 2328 676 2394 Pindarus
700 2330 755 2413 Py.
778 2330 814 2393 ΙΙ
838 2333 911 2394 106.

379 2450 452 2512 507.
498 2446 583 2513 λίνον.
630 2445 872 2514 ltaMamanu
888 2449 984 2534 prima
999 2447 1345 2514 etR:ianutatum

330 2569 376 2630 est
399 2565 458 2630 alin
480 2588 572 2630 manu
594 2567 627 2631 in
651 2566 744 2643 λίνον,
768 2567 859 2652 idque
883 2564 974 2630 habet
999 2567 1036 2632 G.
1082 2565 1168 2634 Λίνον
1191 2587 1346 2631 commen·

332 2683 422 2749 datur
450 2684 614 2750 collatione
647 2685 806 2770 Euripidis
828 2685 906 2771 apud
931 2685 1089 2751 Pollucem
1113 2686 1149 2750 L.
1172 2685 1239 2748 VII
1259 2685 1345 2752 QX

332 2807 372 2867 31
401 2803 478 2870 λίνον
508 2812 672 2886 monrium
720 2805 754 2868 Si
775 2804 850 2870 alvan
872 2806 1072 2882 retineretur,
1096 2809 1174 2870 esset
1192 2805 1346 2891 appositio

334 2921 473 2988 vocabuli
496 2932 659 3002 κλωστῆρα.

376 3043 449 3105 510.
495 3042 533 3106 In
555 3041 592 3106 M
611 3041 663 3106 hio
683 3063 786 3108 versus
807 3042 852 3106 sio
872 3042 1004 3128 scriptus
1023 3046 1085 3108 est:
1103 3041 1154 3106 κοοὶ
1171 3043 1346 3122 nunciatu-

330 3160 571 3243 φντονὶετονοοτὸν
593 3159 690 3238 λόγον.
736 3161 775 3224 In
796 3161 825 3226 G
844 3183 906 3226 non
926 3161 1044 3237 differt,
1064 3159 1124 3225 nisi
1136 3159 1217 3244 quod
1230 3159 1259 3226 u
1272 3183 1344 3226 cnm

329 3287 456 3346 accentu
483 3283 617 3368 positum
641 3286 695 3345 est.
741 3282 779 3344 In
809 3280 923 3346 Aldina
947 3287 978 3346 et
1001 3303 1018 3344 a
1042 3278 1185 3345 Turnebo
1207 3285 1345 3366 praeter-

328 3399 439 3464 missus
459 3405 519 3464 ert:
543 3423 560 3463 a
582 3399 762 3464 Robortello
782 3404 851 3486 post
870 3422 989 3464 versum
1009 3399 1129 3477 τίμνμοο
1146 3399 1264 3485 positus
1282 3404 1345 3475 est,

327 3539 455 3601 eumque
484 3516 620 3582 ordinem
652 3517 784 3582 servavit
816 3516 1026 3595 Hermannua,
1054 3516 1145 3582 simul
1167 3515 1240 3597 σῶζε
1264 3518 1343 3580 sori-

329 3635 402 3699 bens
434 3657 489 3722 pro
519 3633 609 3716 σώζει.
654 3635 696 3700 Et
726 3657 759 3698 ea
792 3635 914 3719 quidem
947 3657 1009 3698 non
1031 3634 1142 3722 probo:
1166 3635 1219 3700 sed
1242 3634 1343 3720 ipsius
1474 3693 1475 3698 ,

327 3752 418 3837 hujus
450 3775 554 3818 versus
584 3753 752 3818 emendatio
785 3753 960 3818 Hermanno
992 3753 1132 3830 debetur,
1160 3754 1214 3837 qui
1237 3759 1341 3820 tamen
1474 3755 1475 3766 ’

325 3891 380 3957 pro
404 3870 548 3936 e’relunrov
571 3869 668 3936 edidit
686 3869 849 3946 ἕτεννοίτηνε
870 3871 1055 3936 Klausenius
1075 3871 1226 3937 ἕτείνοοτον.
1260 3871 1341 3937 Ver-

325 3984 399 4051 bum
429 3989 573 4054 ἕτείνοοτον
596 3988 768 4052 confirmari
791 3989 882 4054 etiam
906 3989 1025 4053 videtur
1047 4012 1064 4053 a
1083 3988 1263 4066 soholiasta,
1284 4012 1340 4055 an·

326 4111 454 4171 notante
484 4106 578 4173 λείπει
609 4110 625 4183 ἦ
649 4109 705 4180 sir:
729 4129 805 4192 quse
827 4109 984 4174 simulatio
1007 4115 1088 4174 recte
1110 4108 1146 4173 ad
1169 4108 1248 4173 illud
1272 4131 1338 4174 ver-

324 4221 396 4288 bum
414 4227 579 4311 pertinuit,
593 4225 620 4290 si
635 4224 712 4312 legit
728 4225 908 4310 οὶμοοοφντον
919 4233 950 4292 et
961 4249 1069 4313 genere
1080 4232 1190 4292 neutro
1201 4228 1337 4313 positum
