2956 4974
314 499 356 560 90
725 513 921 560 ruscorum.

556 697 608 762 καί
628 697 656 761 τ’
681 696 798 772 ἔκλυες,
823 691 843 778 ᾧ
866 699 892 760 κ’
915 696 1060 779 ἐίέλοσία.

313 816 377 882 Alii
400 839 449 894 μοι
472 817 664 904 conjungunt
688 836 757 882 com
779 813 888 894 σέβας,
910 821 947 880 ut
969 816 1049 904 opud
1072 817 1177 904 Eurip.
1201 816 1271 905 Iph.
1290 818 1325 882 in

314 935 385 1002 hul.
409 936 474 1000 6³3

456 1049 478 1119 ὦ
499 1053 594 1132 σέβας
616 1052 678 1130 ἐμοί
702 1053 842 1131 μέγιστον
864 1051 1063 1132 Ἀγαμέμνων
1086 1050 1171 1130 σ’ίναξ.

361 1176 432 1238 158.
476 1170 510 1249 ἐξ
530 1172 667 1252 domate
689 1171 801 1252 Φρενὸς.
836 1171 963 1236 Brevior
983 1173 1189 1250 constructio,
1207 1173 1242 1236 in
1263 1194 1326 1257 quo

314 1290 500 1376 intelligitur
530 1288 689 1371 εὐχομένη,
717 1312 754 1354 ex
782 1288 872 1354 verbo
895 1288 1000 1354 κλύειν.
1045 1291 1143 1355 Reotc
1165 1290 1326 1375 Stanlejos

315 1415 467 1498 comparet
489 1413 597 1496 Agem.
622 1412 687 1473 546

448 1529 485 1600 ὡς
508 1525 595 1592 πόλλ’
616 1529 755 1608 οίμανροῖς
778 1529 811 1592 ἐν
832 1526 933 1610 clem
957 1525 989 1606 μ’
1012 1526 1188 1593 ἀναστένειν.

315 1646 486 1714 Scholiasta
518 1645 655 1722 dubitat,
689 1645 741 1710 sed
776 1645 866 1710 etium
900 1645 938 1710 od
972 1649 1227 1733 Agamemnonem
1264 1645 1327 1712 hoc

316 1768 466 1854 pertinere
486 1787 575 1852 posse
596 1766 770 1840 existimet,
792 1769 943 1830 annotans
968 1763 1010 1830 ὅτι
1034 1767 1104 1831 σανὰ
1127 1767 1151 1832 οἱ
1173 1765 1273 1848 νεκροί.

360 1887 433 1950 159.
478 1881 511 1948 ίον
533 1907 587 1955 τις.
633 1883 684 1947 Ite
706 1881 789 1947 edidi
813 1883 850 1947 de
869 1905 934 1948 mes
953 1883 1138 1967 conjectura.
1172 1882 1262 1949 Libri
1275 1885 1326 1950 ro·

314 2002 369 2075 τίς.
406 2000 587 2066 Diodorfius
610 2002 743 2066 mutavit
766 1999 826 2066 ίτο.

361 2125 433 2186 161.
479 2119 607 2185 Σκνίνκοί
629 2121 656 2185 τ’
680 2121 718 2184 ἐν.
765 2119 816 2183 Ito
846 2125 927 2184 recte
954 2119 1133 2186 Diodorfius
1158 2121 1328 2187 secundum

316 2238 528 2305 Robortellum
582 2236 688 2323 Vulgo
719 2237 831 2314 Σνύίνς
876 2223 917 2303 ποί
947 2241 975 2304 τ’
1005 2241 1049 2317 ἐν,
1079 2245 1113 2304 ut
1148 2245 1194 2304 cst
1221 2241 1253 2304 in
1288 2242 1328 2306 G.

316 2359 352 2424 M
376 2356 503 2424 Σκνίντσί
524 2354 552 2422 τ’
575 2358 619 2435 ἐν,
643 2359 758 2443 scripto
783 2378 873 2442 supra
895 2354 961 2423 -ντοί
982 2381 1023 2422 κον
1045 2356 1094 2422 vel
1118 2382 1159 2432 ης.

361 2480 434 2541 162.
479 2475 627 2541 παλίντον’
651 2477 680 2539 ἐν
702 2474 775 2556 ἔργον
797 2473 881 2553 βέλη.
926 2457 1179 2542 deferturdone
1199 2477 1329 2544 dearcu

316 2597 446 2672 dicitur,
464 2594 546 2660 velut
567 2594 646 2680 apud
665 2593 844 2681 Sophoclem
857 2593 966 2659 Troch.
983 2598 1046 2660 511
1060 2598 1223 2661 παλίντονα
1234 2595 1329 2676 τόξα,

317 2718 346 2779 et
362 2712 448 2778 olibi:
465 2713 599 2800 exemplo
618 2712 689 2778 vide
706 2713 786 2800 apud
805 2713 1027 2779 Blomheldum.
1059 2714 1130 2780 Hoc
1141 2715 1210 2779 loco
1223 2719 1278 2780 aot
1289 2717 1329 2782 ad

317 2831 377 2896 tels
407 2830 586 2896 transfertur
612 2831 662 2909 id,
688 2830 771 2916 quod
798 2837 861 2895 eret
889 2832 926 2896 de
954 2853 1026 2896 arcu
1058 2831 1236 2910 dicendum,
1259 2840 1333 2918 out,

316 2951 397 3036 quod
410 2950 506 3029 molo,
525 2951 591 3036 ipsa
609 2949 669 3015 tela
689 2950 836 3016 dicuntur
851 2951 1020 3035 torquendo
1033 2950 1146 3016 retrahi
1159 2975 1176 3016 a
1189 2953 1330 3019 missuro.

313 3069 420 3151 Ἔργον
443 3069 480 3134 de
502 3068 618 3154 proelio
642 3069 709 3154 ipso
733 3068 857 3135 dicitur.
902 3067 1043 3134 Ceterum
1067 3072 1100 3134 in
1120 3069 1176 3136 huc
1196 3093 1330 3158 exagge-

315 3192 379 3253 rato
402 3187 540 3253 bellicosi
563 3188 711 3271 fortisque
735 3187 903 3253 defensoris
925 3188 1128 3276 descriptione
1150 3211 1214 3254 nou
1235 3213 1331 3277 nego-

317 3308 412 3386 veris‚
441 3299 590 3388 nonnullo
619 3305 809 3393 prodigiosae
838 3307 984 3372 orationis
1016 3329 1158 3396 apparere
1183 3309 1330 3396 vestigio,

310 3443 406 3512 ‘quom
438 3426 518 3512 opud
544 3423 778 3511 Aristophanem
807 3424 972 3512 Euripides
997 3427 1030 3490 iu
1053 3424 1206 3512 Aeschylo
1229 3449 1330 3514 repre·

318 3542 427 3610 hendit
449 3545 481 3608 in
505 3544 616 3622 Ranis,
640 3542 724 3609 velut
747 3547 812 3608 924

584 3663 705 3744 ῥήματα
728 3660 835 3739 βόεια,

584 3782 673 3864 ὀφρῦς
697 3779 806 3860 ἔχοντα
829 3780 879 3845 καί
902 3780 1024 3864 λόφους,

318 3906 349 3965 et
372 3904 435 3966 939

385 4019 437 4093 rhu
459 4016 566 4100 τίχννν

385 4137 513 4203 οἰδοῦσαν
536 4137 591 4202 ὑπὸ
613 4135 840 4217 κομπασμάτων
867 4136 917 4200 καί
940 4136 1074 4219 ρνμοίτονν
1097 4139 1246 4218 ε’παχίῶν.

366 4261 437 4321 164.
484 4255 566 4339 ξίφη.
611 4257 706 4322 Recte
727 4256 915 4322 emendetum
935 4279 990 4344 pro
1007 4256 1155 4323 librorum
1177 4259 1328 4345 scriptura
