2956 4974
510 497 726 556 ΧΟΗΦΟΡΟΙ.

300 689 389 770 πόρος
412 689 436 753 δ’
459 689 483 754 οῖ
506 688 658 761 κτανόντες

299 846 338 887 νιν
361 818 432 887 οῦτω
455 821 598 899 δαμῆναι,

299 955 496 1038 θανατηφόρον
519 950 606 1020 αἶσαν

304 1088 417 1170 πρόσσω
440 1089 506 1154 τινόι
529 1088 716 1154 πυνθάνεσθαι

300 1221 386 1287 τοῖνδε
408 1222 498 1287 πόνων
520 1219 643 1303 όόπειρον.

176 1405 184 1422 .
301 1361 401 1420 ταῦτα
423 1355 494 1432 μὲν,
519 1349 540 1420 ὦ
562 1363 637 1432 παῖ,
661 1354 809 1435 κρείσσονα
830 1359 959 1435 χρυσοῦ,

299 1487 438 1566 μεγάλης
461 1488 491 1552 δὲ
512 1488 609 1568 τόκος
631 1487 682 1552 καῖ
706 1487 874 1568 ὑπερβορέου

300 1619 417 1702 μείζονα
439 1626 564 1702 φωνεῖς,
598 1620 684 1684 όδόνα
706 1644 747 1686 σοι
771 1618 837 1699 γιόρ.

300 1753 384 1818 ιὶλλόι
406 1752 511 1826 διπλῆς
534 1752 593 1833 γὰρ
616 1752 704 1826 τῆσδε
727 1750 882 1833 μαροόγνῆς
1067 1757 1130 1820 375

301 1883 402 1956 δοῦπος
426 1884 563 1948 ἱκνεῖται·
598 1887 655 1948 τῦν
676 1883 729 1961 μὲν
751 1883 857 1965 οὶρυγοῖ

301 2017 381 2082 κατόν
404 2025 459 2093 γῆς
483 2017 552 2092 ῆδῆ·
580 2017 687 2080 τῶνδὲ
711 2016 888 2098 κρατούντων

302 2151 385 2230 χέρες
407 2150 465 2230 οὐχ
487 2144 561 2214 όσιαι
585 2154 731 2230 στυγεροῖν
751 2150 874 2216 τοῦτον·

345 2281 429 2348 ταισῖ
453 2281 621 2358 δὲμᾶλλον
643 2282 810 2359 γεγένηται.

302 2421 385 2480 τοῦτο
408 2415 563 2494 διαμπερὲς
585 2409 621 2486 ὣς
644 2410 710 2480 ἵκεθ’
733 2412 807 2497 οῦπερ
829 2441 864 2482 τε
885 2416 983 2495 βέλος.

303 2553 376 2624 Ζεῦ,
400 2553 476 2624 Ζεῦ,
499 2546 626 2614 κάτωθεν
647 2547 819 2628 οῖμπθμπιον

303 2679 493 2762 ὑστερόποινον
514 2677 592 2746 ἄταν

303 2812 411 2895 βροτῶν
432 2814 553 2889 τλήμονι
577 2813 626 2879 καῖ
650 2813 803 2895 πανούργῳ

303 2944 393 3026 χειρὶ,
416 2951 530 3011 τοκεῦσι
552 2943 576 3009 δ’
600 2943 676 3018 όπυς
698 2951 837 3012 τελεῖται.

181 3129 189 3144 .
306 3078 471 3161 ἐφυμνῆσαι
495 3075 605 3155 γένοιτό
626 3101 674 3155 μοι

305 3210 455 3286 πευκῆεντ’
477 3209 642 3287 όλολυγμθν

305 3343 401 3425 ἀνδρὸς
424 3343 595 3424 θεινομένου,

306 3476 440 3554 γυναικός
462 3475 490 3542 τ’
512 3476 683 3557 όλλυμένας.

306 3609 336 3675 τό
357 3610 416 3692 γόιρ
439 3608 526 3676 κεόόυ
550 3610 665 3694 φρενός;

308 3743 376 3808 θεῖον
398 3743 499 3822 ἔμπας
521 3746 667 3810 ποτοῖται·

307 3875 435 3957 πόροιθεν
458 3875 487 3940 δὲ
510 3875 622 3956 πρώρας

309 4007 406 4090 δριμὺς
429 4005 519 4086 ι’όιρται
542 4007 660 4088 καρδθοις

307 4141 409 4220 θυμός,
433 4141 551 4218 ἔγκοτον
573 4141 690 4218 στύγος.

181 4321 188 4336 .
306 4272 356 4338 καὶ
378 4271 445 4340 πότ’
467 4272 503 4340 όιν
525 4274 698 4356 ἀμφιθαλὴς
