2974 4982
559 491 759 544 auuorarrm
1104 476 1166 550 103

159 697 225 740 rum
257 674 339 744 alter,
357 673 443 740 ensal
474 675 531 752 sit,
551 672 669 744 'altera-
687 695 757 740 vero
776 672 916 759 supplex
925 675 943 739 ⁴i
990 676 1023 740 Si
1055 675 1166 754 altera,

158 817 245 878 quam
277 792 447 858 Ahrensius
479 792 575 870 dedit,
604 792 813 879 interpretatio
835 794 931 868 verior
954 798 1031 880 erat,
1053 817 1166 866 conver

158 914 237 978 niret
260 915 366 1000 Agaue
392 916 455 980 733
473 911 602 993 οίμιιχον
625 910 737 989 dnm
836 957 838 964 ·

203 1035 276 1098 340.
321 1032 434 1115 χρῄζων
478 1033 575 1098 Recte
609 1030 808 1102 Blomlieldus
842 1031 993 1118 explicati
1029 1034 1056 1098 si
1088 1033 1165 1098 nult.

159 1151 277 1223 Quodsi
305 1156 385 1216 reeta
413 1155 477 1216 erat
499 1149 680 1218 scholiastae
703 1151 930 1236 interpretatio,
954 1153 967 1216 ὁ
990 1153 1167 1234 χρησμῳδῶν

158 1270 329 1350 Ἀπόλλων,-
349 1264 518 1338 necessario
539 1269 755 1356 requirebatur
772 1271 927 1336 articulus.

204 1394 279 1456 343.
323 1391 424 1456 ισοιισὶν.
469 1390 557 1456 Libri
592 1390 694 1456 σιιίισν.
743 1390 927 1457 Emendavit
961 1390 1168 1457 Blomfieldus.

159 1509 319 1591 Μελιίίροις
342 1513 371 1575 ἕν
393 1511 552 1588 βασιλείοις
575 1510 612 1574 ad
636 1512 728 1576 ποινὰν
751 1512 897 1600 pertinet:
919 1511 944 1578 si
964 1512 1000 1576 ad
1026 1510 1168 1590 κομίσειεν

159 1630 342 1715 pertinebat,
365 1630 558 1696 scribendum
583 1631 681 1696 fumat
703 1631 748 1703 ἐςε
772 1630 857 1696 velut
881 1630 979 1697 Thac.
1002 1632 1057 1696 III
1077 1636 1120 1696 65
1139 1633 1168 1703 ἐς

159 1749 210 1822 τὴν
233 1752 329 1814 αὐτῶν
351 1747 434 1814 πόλιν
456 1750 636 1828 κομίσαντες.
684 1749 726 1814 Et
748 1772 834 1836 saepe
857 1749 938 1816 alibi.
1007 1797 1008 1804 ι

204 1871 277 1933 343.
324 1873 465 1949 νεοκρῖισσι
491 1869 588 1952 Φίλσν.
635 1868 774 1954 Scaliger
805 1870 900 1934 suasit
928 1866 1044 1952 φιιίλοιν
1067 1868 1168 1956 legen·

161 1987 231 2051 dum
255 2010 327 2052 esse.
373 1989 414 2052 ln
444 1988 521 2053 loeis
554 1989 608 2066 iis,
639 2010 715 2072 quae
738 1987 774 2052 ab
797 1987 1015 2074 interpretibus
1038 1989 1074 2054 ad
1097 1987 1126 2052 lr.
1149 1988 1169 2054 l.

160 2111 189 2170 et
219 2129 236 2170 a
265 2107 488 2194 lexicographis
515 2110 699 2184 afferuntur,
730 2106 844 2188 νεοκροίς
875 2107 913 2172 de
936 2108 1007 2172 virro
1030 2109 1167 2193 ponitur:

159 2247 256 2311 neque
276 2226 338 2290 elia
360 2226 496 2312 exempla
518 2227 599 2293 novi.
645 2229 692 2292 Ao
712 2225 866 2302 dubitavi,
886 2249 923 2290 an
945 2227 1169 2312 significaretur

160 2342 189 2408 h.
218 2344 238 2408 l.
271 2344 378 2409 libatio
405 2347 437 2410 in
470 2347 568 2410 festo·
604 2345 664 2410 Sed
699 2344 788 2410 verba
810 2345 897 2428 φίλον
918 2349 949 2410 et
971 2344 1112 2424 κομίσειεν
1135 2344 1168 2410 id

162 2463 319 2529 admittere
341 2485 403 2528 non
427 2464 578 2528 videntur.
624 2462 846 2529 Ascholiastis
870 2462 981 2550 triplex
1004 2463 1168 2550 explicatio

161 2584 355 2669 proponitur:
377 2605 452 2660 una,
474 2588 510 2648 ut
533 2583 724 2669 significetur
744 2588 842 2648 crater
862 2583 925 2646 vini
945 2604 1048 2646 recens
1063 2583 1168 2658 mixti,

162 2701 252 2768 altera
281 2707 318 2766 ut
347 2701 455 2768 libatio
487 2707 606 2766 mortuo
630 2702 761 2781 tributa,
784 2725 861 2787 qnae
883 2703 1011 2768 fortuma
1034 2725 1050 2766 a
1073 2703 1168 2788 prima

162 2843 220 2884 non
243 2821 360 2898 differt,
382 2823 473 2886 tertia
496 2821 651 2903 Ὀρέστην,
675 2822 724 2887 σὸν
747 2821 846 2900 νεωστί
868 2822 1069 2903 occupatore
1091 2823 1168 2900 ἡμῖν.

162 2939 202 3004 Et
224 2940 312 3006 credo
335 2941 473 3026 equidem
498 2943 637 3006 Orestem
661 2941 846 3027 significari,
869 2963 974 3006 verum
999 2963 1032 3004 ea
1052 2947 1167 3025 etymo-

162 3057 258 3146 logica
281 3060 445 3146 explicatio
467 3060 544 3125 mihi
565 3061 685 3126 videtur
704 3062 796 3126 nimis
817 3061 967 3145 quaesita:
985 3052 1166 3126 translatum

163 3175 301 3244 existimo
331 3179 513 3265 adjectivum
541 3185 699 3245 enecante
723 3181 787 3246 vini
810 3182 944 3245 mixtura
967 3181 1108 3244 universe
1130 3179 1168 3244 ad

162 3297 208 3374 id,
239 3299 320 3383 quod
351 3299 391 3363 sit
413 3321 534 3364 recens:
557 3299 591 3362 in
614 3321 675 3384 qno
700 3300 827 3364 fortasse
850 3301 955 3374 tamen
976 3298 1168 3364 solennitatis

162 3421 190 3480 et
219 3417 323 3504 gaudii
355 3418 498 3502 quaedam
526 3411 720 3505 ‘significatio'
745 3424 915 3495 remaneat,
946 3416 1004 3481 hoc
1035 3416 1102 3481 loto
1130 3416 1165 3479 ad

160 3535 305 3600 laetitiam
328 3537 364 3601 de
387 3533 505 3603 recente
528 3538 654 3602 Orestae
677 3537 777 3603 reditu
799 3535 963 3603 referenda.
1001 3537 1072 3601 Pro·
1085 3535 1167 3614 κομί-

161 3677 231 3719 σειεν
254 3655 326 3720 libri
348 3651 599 3736 ίιιιίιθηίϊκιίμίζει.

146 3797 149 3802 ·
184 3777 276 3838 'deb
322 3769 360 3837 In
380 3774 467 3839 libris
484 3769 613 3861 ¹persona
632 3797 695 3840 non
709 3774 850 3862 ponitur,
869 3774 931 3838 nisi
948 3774 981 3836 in
993 3773 1038 3850 Μ.
1048 3771 1166 3837 lineola.

161 3892 252 3970 aune,
275 3893 327 3976 qui
350 3891 423 3957 haec
446 3891 585 3958 Electrae
608 3893 765 3971 tribuant,
788 3889 968 3958 recentiores
988 3893 1166 3978 interpretes

160 4017 239 4076 recte
262 4013 395 4077 Orestae.

203 4134 276 4197 347.
321 4130 495 4211 δορίτμητος.
541 4133 593 4196 Sic
626 4130 706 4196 libri.
753 4130 817 4208 Alii
851 4129 1030 4210 upapam,
1061 4149 1166 4194 rursus

160 4247 421 4331 aliidcplapnrer:
452 4249 512 4316 lroc
534 4247 672 4334 quidem,
694 4271 874 4336 quamquam
898 4249 957 4314 alia
980 4251 1075 4318 forma
1098 4249 1166 4330 δορι-
