2956 4974
595 469 793 518 armoranro.
1151 457 1192 517 83

205 656 309 742 reperiri
341 655 515 720 remedium.
560 651 665 717 Altera
698 657 783 739 parts
816 653 981 718 sententias
1013 652 1123 738 respici
1154 652 1192 717 ad

205 775 422 862 Agamemnonis
451 773 608 838 interitum
640 771 729 836 facile
759 772 967 860 intelligitur:
1002 772 1093 836 altera
1123 793 1193 836 vero

206 915 260 980 pars
281 894 313 958 ad
330 893 467 959 Paridem
492 897 522 956 et
545 891 652 975 Trojae
667 913 758 977 grave
775 892 928 957 excidium
947 893 1094 978 pertinere
1108 913 1196 978 posse

205 1013 323 1078 ridetur:
345 1035 471 1098 quarum
496 1015 654 1095 utramque
675 1032 736 1074 rem
761 1010 903 1075 similiter
922 1009 1041 1075 Chorus
1060 1011 1197 1075 vindicta

205 1131 384 1216 praedicanda
408 1128 531 1216 copulat
554 1133 637 1193 935:
672 1133 804 1193 attamen
832 1151 916 1194 nunc
939 1130 975 1193 ad
1001 1128 1142 1215 Aegisthi
1166 1133 1196 1194 et

206 1247 444 1334 Clytaemnestrae
461 1247 641 1313 adulterium
659 1249 769 1334 respici
781 1248 931 1313 existimo.
959 1248 1093 1335 Negatio
1106 1248 1196 1313 semel

206 1369 289 1453 posita
309 1371 341 1434 in
364 1371 441 1451 πάροι
463 1394 497 1434 πε
519 1391 556 1434 ex
579 1367 639 1434 οὔπν
662 1367 862 1455 intelligenda
885 1371 939 1432 est.
1031 1389 1033 1394 ·

242 1491 286 1552 ⁷5.
329 1489 465 1553 Primum
481 1485 617 1564 οένοὶγκοον
630 1488 786 1573 proponit,
798 1491 863 1550 tum
881 1486 1059 1550 senteutiam
1077 1484 1196 1550 abrum-

205 1604 257 1690 pit,
283 1629 400 1671 causam
430 1607 619 1671 necessitatis
650 1605 824 1691 explicans:
855 1608 922 1668 tum
946 1603 1126 1668 sententiam
1149 1625 1196 1667 re-

205 1724 270 1808 petit
300 1729 329 1790 et
363 1724 473 1790 οιὶνὲοοω
508 1747 575 1789 cum
610 1723 747 1800 οὶνοὶγκων
781 1723 980 1804 προσήνεγκαν
1016 1720 1196 1807 conjungit:

207 1842 322 1920 πρέποντ’
344 1846 454 1926 οὶρχοοῖς
476 1843 541 1922 βίον
564 1848 609 1908 est
632 1843 802 1930 appositum
831 1841 1005 1906 accusativo
1028 1839 1126 1905 δίκαιον
1148 1840 1197 1904 acl

207 1960 241 2036 pl
259 1961 367 2028 δίκοοωιι
389 1963 599 2027 necessitatem
624 1961 680 2026 Dii
702 1960 778 2025 mihi
800 1959 931 2024 intulere
953 1959 1096 2024 laudandi
1115 1959 1200 2044 justa

207 2080 304 2162 pariter
333 2087 362 2145 et
392 2081 524 2165 injusta,
556 2102 649 2166 quum
681 2102 715 2144 es
745 2081 826 2143 vitae
855 2101 937 2143 meae
966 2079 1067 2142 initiis
1089 2099 1198 2144 conve-

207 2195 297 2274 niant,
329 2199 572 2283 quandoquidem
604 2199 667 2282 jam
701 2199 797 2284 prima
828 2203 924 2262 aetate
957 2198 990 2261 in
1025 2198 1200 2262 servitutem

210 2310 326 2380 abducta
350 2316 427 2380 sian:
461 2315 519 2380 hoc
547 2317 626 2381 enim
651 2316 820 2403 significat,
843 2337 935 2400 quum
960 2338 991 2379 ae
1013 2337 1066 2401 per
1088 2315 1200 2400 patriae

207 2435 449 2519 oppugnationem
477 2435 539 2517 jam
571 2439 653 2512 tum,
684 2455 777 2517 quum
809 2432 898 2497 stiam
929 2434 962 2496 in
995 2431 1083 2497 domo
1106 2434 1200 2520 patris

206 2557 288 2628 uasat,
310 2575 347 2616 ea
371 2575 404 2616 ea
426 2553 459 2616 in
482 2553 657 2616 servitutem
682 2550 842 2616 abductam
863 2573 927 2616 ease
945 2557 1103 2636 queratur:
1127 2573 1200 2616 con-

206 2670 371 2734 structionis
401 2671 508 2746 εὀἵογον
539 2665 626 2733 cicun
655 2691 710 2755 pro
740 2662 813 2746 ἆγον
844 2672 872 2742 ἐς
903 2665 991 2734 circu
1023 2669 1201 2735 Diudorfius

206 2787 304 2852 atalia
327 2787 462 2874 exempla
485 2789 587 2866 client,
615 2793 645 2851 et
676 2785 781 2873 Eurip.
807 2787 897 2852 Herc.
920 2788 977 2853 fur.
1001 2790 1064 2852 850
1088 2785 1121 2865 μ’
1144 2789 1201 2852 εἷο-

206 2903 319 2982 stanna
342 2905 452 2984 δόμους.
497 2906 551 2987 Βίρν
573 2904 734 2988 φερομένων
756 2909 856 2991 potest
885 2906 1007 2990 quidem
1035 2906 1162 2992 pendere
1185 2928 1201 2970 a

206 3023 339 3090 vocabalo
370 3023 457 3102 βίους
491 3025 571 3088 ritae
604 3029 740 3101 nostrae,
774 3047 849 3108 quae
883 3046 936 3110 per
969 3026 1029 3088 vim
1064 3026 1201 3111 agimur:

205 3142 284 3206 medo
306 3148 404 3208 tamen
429 3142 531 3228 potius
550 3165 614 3206 esse
637 3141 807 3227 genitivum
830 3141 1019 3220 absolutum,
1043 3147 1078 3206 ut
1100 3145 1200 3206 tamen

204 3257 365 3342 subjectam
388 3263 467 3339 ἡμῶν
489 3259 689 3346 intelligatur.
724 3258 770 3324 Of.
795 3263 834 3324 31
860 3259 1085 3339 πεπληγμένων.
1110 3261 1202 3326 simi-

203 3376 266 3445 liter
295 3379 393 3445 Thuc.
415 3381 453 3444 H
476 3383 517 3444 83
550 3379 635 3461 ἑώρων
664 3381 769 3451 adcolas
792 3385 874 3464 σφῶν
896 3379 1106 3460 κομοζομένωνε
1140 3379 1203 3446 Xe·

203 3497 285 3586 noph.
316 3499 414 3564 Anab.
434 3499 510 3565 LI
541 3521 566 3563 c.
585 3499 620 3564 II
645 3503 684 3565 17
717 3498 820 3564 θῖοππον
843 3498 994 3581 προϊόντων
1017 3497 1115 3579 δρόμος
1138 3498 1204 3576 ἐγέ-

85 3666 90 3691 ,
204 3639 260 3681 saro
280 3624 340 3689 τοῖς
362 3623 573 3696 οπρωπνωπωῖςε
604 3616 691 3680 11.ss
716 3639 741 3681 c.
757 3616 807 3682 IV
830 3621 873 3682 24
902 3616 1106 3695 διωβωονόντων
1136 3617 1204 3694 μέν·

204 3755 242 3798 πον
262 3735 275 3800 ὃ
296 3740 388 3807 Γλοῦς
412 3737 510 3807 αὐτοῖς
532 3732 676 3815 ε’πεφοὶνν.
904 3823 906 3826 Ι

243 3851 287 3918 lla
309 3853 416 3918 amicis
438 3853 512 3918 meis
534 3851 645 3936 aliquis
668 3873 784 3916 mecam
813 3850 988 3936 colloquens
1010 3851 1205 3934 ostendebat,

206 3969 329 4048 rplrcnr’
352 3993 416 4036 esse
433 3993 521 4058 posse
540 3970 747 4035 accusativum
766 3969 955 4046 absolutum,
978 3971 1143 4036 orationem
1160 3974 1205 4036 sio

206 4095 391 4156 construens:
408 4086 482 4154 mihi
495 4089 702 4154 necessitatem
716 4089 770 4154 Dii
781 4088 971 4168 intulerunt,
989 4111 1082 4174 quum
1099 4111 1208 4155 couve-

208 4207 265 4274 niat
280 4209 441 4296 principiis
463 4207 656 4285 musoritae,
673 4207 757 4292 justa
775 4208 887 4294 pariter
902 4212 933 4272 et
947 4208 1062 4292 injusta
1077 4207 1207 4273 laudare.

1071 4326 1108 4384 81
