2956 4974
338 453 379 514 56
626 465 893 513 murmurium
923 467 1057 512 norrun.

381 652 433 716 Ill.
494 651 608 716 Nurruu
628 650 723 738 patric
743 654 882 716 mortem:
904 673 960 737 ego
981 673 1051 716 vcro
1071 655 1186 717 remota
1203 651 1334 730 sui‚con·

337 775 447 849 tumtur,
477 769 557 836 vilio.
602 769 701 854 Inque
731 791 850 834 recessu
880 768 997 834 seclusa
1027 771 1115 836 noxii
1145 773 1228 836 cunis
1249 772 1337 835 incar

338 889 402 954 riou
426 888 624 974 promptiores
647 887 762 974 protuli
786 893 909 974 guttas,
930 887 1066 976 gaudens
1085 889 1166 973 quod
1185 888 1337 954 multarum

338 1009 443 1072 fletum
467 1006 665 1090 lacrymarum
687 1004 880 1070 occultarem.

262 1121 325 1186 450
387 1125 455 1189 Clo.
501 1124 587 1189 Haec
609 1123 714 1188 audito
735 1122 870 1188 inscribe
892 1123 1004 1202 menti,
1026 1145 1137 1210 perque
1156 1147 1241 1190 auree
1258 1146 1343 1210 pene-

339 1248 400 1310 tret
427 1265 524 1308 sermo
554 1243 588 1307 in
617 1242 817 1327 tranquillum
848 1242 958 1308 mentis
984 1243 1123 1308 fundum.
1170 1244 1251 1309 Nam
1275 1243 1344 1308 hoec

339 1364 383 1428 ita
407 1367 497 1427 suut:
526 1361 642 1445 reliqua
669 1381 739 1426 vero
762 1362 827 1448 ipse
849 1361 987 1427 studione
1010 1383 1184 1450 cognosces.
1219 1363 1346 1450 Oportet

340 1479 502 1545 inflexibili
525 1481 625 1544 unimo
648 1479 797 1544 advenire

388 1599 436 1662 Or.
504 1598 549 1663 Te
570 1596 705 1684 appello,
727 1597 809 1662 odeis
831 1602 916 1684 puter
938 1598 1052 1664 amicir.

384 1715 437 1780 m.
503 1715 546 1781 m
567 1736 624 1802 ego
647 1716 722 1780 fleur
744 1715 885 1780 acclamo.

388 1834 457 1898 Clau.
502 1831 663 1918 Turbaque
686 1831 759 1898 hoec
782 1839 849 1898 totu
872 1834 1073 1898 communiter
1096 1833 1250 1898 acclamat.

389 1954 438 2018 Or.
504 1951 587 2016 Audi
611 1956 641 2018 et
663 1953 696 2016 in
719 1952 818 2018 locem
843 1953 929 2039 prodi
953 1956 983 2018 et
1006 1952 1087 2018 odeis
1110 1956 1216 2017 contra
1239 1951 1350 2018 hostes.

265 2075 328 2137 460
343 2071 427 2136 Mure
458 2071 552 2136 Morti
572 2069 787 2158 congreditur,
811 2071 870 2137 Jur
893 2070 971 2136 Jun'.
1014 2072 1051 2135 Io
1076 2071 1149 2135 Dii!
1173 2071 1211 2134 ud
1231 2072 1349 2155 justum

342 2191 456 2256 exitum
480 2189 644 2276 perducite.

390 2311 457 2372 Cho.
503 2307 628 2374 'fremor
647 2306 722 2372 mihi
742 2306 861 2395 obrepit
880 2327 982 2394 precer
998 2307 1142 2374 audienti.
1165 2307 1275 2373 Fctum
1288 2331 1351 2373 ma·

341 2433 394 2494 net
412 2429 544 2506 dudum,
562 2428 756 2515 precantibus
776 2451 845 2494 vero
867 2429 976 2493 veniet.
1006 2429 1043 2493 Io
1056 2450 1213 2494 aerumnae
1224 2429 1352 2504 insitae,

342 2553 373 2612 et
394 2548 587 2634 importunus
611 2547 681 2612 meli
704 2547 888 2634 sanguineus
910 2547 1000 2612 ictus.
1035 2547 1071 2612 lo
1095 2548 1198 2614 tristes
1218 2555 1249 2612 et
1268 2549 1352 2614 into-

265 2663 480 2732 intolerandae
506 2687 612 2732 curce:
639 2668 670 2731 io
692 2687 754 2730 non
778 2666 902 2730 sedandi
927 2666 1040 2731 doloris
1063 2666 1167 2732 domui
1190 2665 1280 2732 ulcus
1304 2669 1352 2732 in-

344 2787 449 2852 ditum.
498 2786 587 2852 Hanc
624 2785 760 2851 acerbam
793 2785 959 2850 vindictum
986 2785 1115 2870 (canere)
1140 2787 1354 2872 sanguineam,

343 2928 405 2970 non
432 2906 551 2970 eminus
577 2926 633 2968 nec
662 2904 700 2968 ab
722 2903 790 2970 aliis
814 2905 1002 2968 extrinsecus
1025 2905 1077 2968 sed
1100 2901 1236 2991 ab'ipeis
1262 2905 1353 2990 (inle-
1458 2927 1459 2930 ’

343 3025 495 3109 rendam),
526 3021 595 3088 hoc·
614 3022 748 3088 Deorum
778 3044 855 3107 quae
876 3029 949 3088 eunt
970 3024 1002 3086 in
1026 3024 1132 3088 inferis
1155 3043 1274 3088 carmen
1298 3031 1351 3090 eet.

275 3161 278 3168 ’
345 3144 458 3207 Verum
481 3141 600 3219 audite,
623 3141 701 3206 beuti
724 3141 835 3220 Inferi,
859 3141 912 3206 bur
934 3163 1037 3228 preces
1059 3149 1090 3207 et
1110 3141 1253 3207 benevole
1274 3141 1352 3209 libe·

343 3262 386 3325 ris
408 3260 524 3324 mittite
545 3259 691 3325 auxilium
715 3261 752 3324 ad
775 3261 943 3326 victoriam.

391 3380 440 3442 Or.
486 3379 590 3456 Pater,
624 3379 677 3463 qui
712 3379 800 3444 modo
835 3399 897 3443 non
931 3379 1015 3465 regio
1045 3377 1163 3456 obiisti,
1194 3377 1247 3444 des
1276 3379 1351 3446 mihi

268 3510 332 3571 480
345 3500 480 3586 precanti
502 3502 572 3562 tune
595 3496 701 3561 domus
723 3498 890 3584 imperium.

389 3618 441 3682 ut.
486 3617 527 3681 Et
557 3639 626 3704 ego,
654 3621 753 3702 puter,
784 3614 841 3681 hoc
864 3623 934 3704 peto
957 3640 974 3681 a
997 3621 1042 3694 te,
1065 3622 1101 3681 ut
1123 3616 1237 3704 fugiam
1260 3639 1351 3703 grave

344 3738 456 3813 lutum,
478 3736 560 3820 quod
584 3735 733 3823 Aegistho
757 3735 897 3802 intulero.

391 3857 440 3920 Or.
486 3855 537 3919 Sic
560 3857 640 3920 euim
665 3855 722 3920 tibi
746 3855 849 3942 epulae
873 3857 1024 3942 legitimae
1047 3856 1216 3920 condentur
1240 3862 1349 3922 morte-

345 3974 438 4039 lium:
470 3974 517 4038 rin
549 3975 665 4050 minue,
692 3975 782 4059 juxte
810 3974 906 4038 lentur
933 3978 1028 4038 terrae
1050 3971 1164 4039 hostiae
1188 3973 1348 4060 plenusque

345 4093 450 4157 nidore
471 4090 670 4156 inhonoratus
694 4093 760 4156 eris.
829 4150 832 4156 .

390 4213 441 4277 Et.
487 4211 530 4276 Im
566 4234 622 4300 ego
661 4211 804 4277 libamina
841 4210 898 4277 tibi
932 4211 1109 4278 hereditatis
1142 4233 1224 4276 meae
1258 4213 1346 4279 ferum
