2956 4974
336 487 377 548 86
743 501 939 548 nunorarro.

336 690 436 752 tamen
467 707 537 751 enm
567 683 666 760 atrine
698 685 861 773 conjungi,
891 689 927 750 ut
956 685 1126 766 μεμνημένη
1150 685 1183 750 in
1206 683 1339 749 oratione

336 804 463 892 abrupta
487 826 558 870 oasu
582 809 715 870 careret:
738 805 776 868 ei.
805 807 867 869 135
891 809 942 870 τοῦ
964 803 1051 888 φόνον
1074 803 1231 882 μεταίτιος.

382 925 453 986 121.
500 921 694 988 Hermannus
716 921 862 990 οἱπλινττὶ.

382 1043 455 1104 122.
501 1041 611 1106 Denuo
634 1041 773 1106 Electrae
795 1041 892 1105 virtus
915 1043 1055 1127 apparet,
1078 1061 1140 1104 uon
1159 1039 1267 1104 timore
1288 1059 1341 1102 eu-

334 1157 477 1242 jusqoam
507 1157 639 1224 hominis
668 1158 857 1238 absterritre,
885 1160 1046 1244 quominus
1069 1157 1262 1246 pervulgatae
1279 1156 1341 1240 jam

337 1298 433 1362 neque
462 1279 522 1365 ipsi
548 1278 724 1364 incognitae
747 1278 914 1344 sententiae
935 1277 1133 1364 obtemperet,
1156 1275 1244 1342 malis
1265 1273 1344 1340 mala

337 1415 401 1468 esse
431 1393 609 1460 tribuenda:
641 1419 710 1461 nam
742 1396 824 1462 illam
851 1398 914 1482 jam
945 1397 1125 1462 sententiam
1155 1396 1261 1481 attigit
1284 1397 1345 1471 98,

339 1535 466 1599 eumque
485 1514 565 1580 dixit
587 1537 651 1580 esse
673 1537 785 1580 morem
808 1515 980 1580 hominum:
1000 1537 1102 1580 verum
1123 1514 1205 1578 Deos
1224 1534 1345 1579 venera-

338 1636 389 1698 tur
411 1634 470 1710 ita,
493 1639 528 1700 ut
551 1634 686 1714 dubitet,
708 1657 746 1700 ru
769 1633 823 1700 illa
846 1636 996 1700 sententia
1015 1635 1089 1700 setis
1108 1634 1215 1722 pietati
1236 1653 1345 1696 eonve-

340 1752 413 1816 niat.
448 1749 566 1818 Chorus
593 1755 692 1818 tamen
719 1775 802 1818 nunc
828 1753 861 1817 in
889 1753 1099 1840 respondendo
1122 1751 1211 1817 illum
1233 1770 1345 1814 morem

342 1871 486 1954 sequitur.
797 1943 802 1954 Δ
1099 1919 1103 1926 .

386 1991 458 2053 124.
502 1987 599 2068 κῆρυξ.
647 1989 710 2055 Hio
727 2011 829 2056 versus
850 1989 1038 2054 scribebatur
1057 1994 1126 2076 post
1145 2011 1188 2053 vs.
1202 1991 1281 2052 165:
1295 1985 1346 2052 ubi

341 2130 412 2172 sane
432 2107 576 2195 frigebat:
600 2106 662 2174 huo
684 2109 843 2174 transtulit
868 2109 1071 2174 Hermannus.
1110 2108 1150 2172 In
1173 2128 1278 2172 versus
1302 2129 1348 2170 se·

341 2229 464 2313 quentis
486 2228 577 2292 initio
597 2228 705 2294 launna
721 2233 801 2307 erat,
820 2251 908 2314 quam
930 2227 1062 2316 explevit
1083 2228 1263 2293 Dindorlius
1279 2247 1347 2313 pro-

342 2343 497 2424 babiliter,
520 2346 654 2412 scribens
676 2345 793 2429 ἄρηξονε
817 2347 868 2412 alii
891 2344 1020 2414 ἄκουσον.

390 2468 462 2530 las.
507 2465 677 2532 Mercurius
702 2467 815 2552 Diiqne
837 2467 927 2532 inferi
951 2473 981 2531 et
1005 2466 1098 2532 Terra
1116 2462 1256 2530 similiter
1277 2484 1349 2528 oon-

343 2583 517 2670 junguutur
540 2585 573 2648 in
596 2585 802 2662 invocatione,
822 2586 933 2670 quain
952 2584 1052 2649 Persis
1071 2585 1184 2650 Darius
1197 2581 1350 2647 exinferis

345 2703 513 2780 excitatur,
536 2707 617 2768 638:

653 2821 757 2903 χθόνιοι
780 2822 912 2902 dulmense
935 2821 1033 2900 νὶννοὶ,

521 2949 563 3017 Γῆ
584 2967 619 3008 τε
641 2943 690 3009 κον)
713 2946 822 3025 Ἑρμῆ,
845 2942 974 3021 βασιλεῦ
994 2942 1022 3008 τ’
1045 2941 1148 3024 ε’νὲρων.

390 3064 463 3126 127.
508 3059 657 3140 δωμάτων.
693 3063 789 3128 Recto
811 3084 827 3126 a
850 3062 985 3148 Stanlejo
1003 3061 1192 3126 emendatum
1213 3060 1351 3128 videtur:

346 3178 417 3244 libri
440 3180 465 3244 δ’
488 3181 645 3260 taradros:
667 3180 749 3266 quod
773 3180 962 3246 Wellauerus
986 3181 1136 3258 defendit,
1157 3184 1282 3265 ποιτρῷοο
1302 3178 1318 3246 ὅ
1339 3215 1352 3226 ·

345 3322 433 3377 μοιτοι
455 3298 560 3364 dicens
583 3300 780 3365 usitatissime
802 3322 856 3387 pro
877 3305 960 3387 patre
979 3300 1047 3386 ipso
1071 3299 1140 3364 dici.
1177 3297 1269 3371 Quod
1290 3319 1350 3364 nou

347 3417 450 3494 oredo,
477 3423 507 3482 et
538 3440 571 3482 ea
597 3419 822 3503 significatione
850 3417 935 3497 ὅρμοι
958 3417 1105 3504 singulari
1129 3439 1254 3482 numero
1279 3415 1351 3505 poni

346 3538 486 3604 existimo
507 3540 537 3600 et
553 3543 738 3622 praesentem
750 3561 768 3602 a
779 3541 933 3624 praesente
949 3538 994 3602 sio
1006 3536 1164 3624 appellari:
1176 3537 1214 3600 of.
1227 3536 1265 3601 ad
1279 3537 1352 3602 238.

348 3655 541 3722 Hermannus
575 3656 719 3736 οἱμοέτων.
764 3657 845 3722 Sunt
877 3660 976 3722 autem
1010 3656 1135 3736 δώμοτνι
1158 3659 1282 3738 ποιτρῷοο
1305 3677 1352 3731 ea,

346 3773 379 3837 in
402 3773 512 3858 quibus
532 3796 615 3839 nuno
634 3777 844 3863 Agamemnon
864 3774 1031 3853 habitabat,
1049 3777 1160 3862 quippe
1179 3774 1287 3839 domus
1306 3774 1352 3838 iu·

345 3894 495 3957 ferorum:
519 3893 607 3959 aliter
630 3895 721 3959 initio
743 3893 862 3959 fabulae
885 3896 1008 3977 ποιτρῷοι
1029 3892 1130 3976 κροὶτη.

392 4013 464 4076 130.
508 4010 659 4092 χέρνιβος.
691 4011 792 4078 Versu
804 4015 844 4077 85
860 4012 1023 4100 appellavit
1035 4016 1227 4095 προστροπὴν,
1248 4019 1289 4082 87
1302 4039 1351 4088 κη·

347 4128 434 4201 δείους
456 4129 549 4210 χοὰς,
585 4135 627 4195 92
650 4131 792 4207 πέλανον,
829 4136 869 4196 95
893 4131 1007 4216 στέφη,
1031 4138 1070 4198 97
1096 4131 1226 4210 γάποτον
1248 4133 1350 4214 χύσιν,

348 4248 406 4314 hoo
429 4270 517 4315 versu
539 4249 697 4331 χέρνιβος,
721 4254 784 4316 163
808 4250 958 4328 γαπότους
979 4250 1064 4333 χοοὶς.
