2956 4974
466 449 730 496 muuernurnrro
754 451 886 496 risurus.
1137 437 1178 495 69

220 635 283 719 Cly.
326 634 423 710 Vide,
446 655 518 698 eave
541 634 645 697 matris
668 633 792 697 infestas
817 653 915 697 canes.

220 755 268 816 Or.
325 752 367 816 nt
388 750 538 836 quomodo
562 753 657 836 patris
680 751 811 836 fugiam,
834 752 860 814 si
883 749 942 815 hoo
966 752 1099 816 misero?

219 872 282 956 0151.
324 870 440 935 Videor
459 869 563 955 lugere
585 869 655 934 viva
678 869 714 933 ad
740 868 891 933 tumulum
913 870 1033 934 frustra.

219 991 267 1052 Or.
324 989 403 1054 Nam
429 989 522 1073 patris
545 1009 625 1051 mors
647 969 727 1050 lrane
750 986 808 1052 tibi
833 991 959 1052 mortem
982 989 1099 1053 statuit.

220 1108 282 1192 Oly.
324 1105 383 1170 Hei
413 1103 506 1183 mihi,
535 1110 655 1190 partum
679 1104 761 1170 huno
784 1115 912 1192 unguem
937 1104 1007 1170 alui.
1042 1106 1182 1172 Profecto

181 1231 254 1290 rates
276 1226 369 1290 timor
392 1247 409 1290 e
431 1224 550 1288 somnio
574 1224 643 1288 fuit.

220 1345 267 1408 Or.
326 1343 512 1408 Interfecisti
547 1364 637 1428 quem
670 1365 731 1406 uon
767 1342 885 1422 deeuit,
914 1346 945 1408 et
975 1348 1078 1430 patere
1100 1344 1258 1428 quod930

179 1484 233 1526 uon
257 1461 352 1527 decet.

221 1581 287 1644 oto.
333 1580 430 1644 Gemo
452 1578 574 1664 quidem
598 1578 686 1642 etiam
710 1576 817 1644 horum
843 1578 993 1664 duplicem
1012 1580 1181 1645 interitum.

180 1698 286 1764 Verum
319 1697 442 1784 quando
476 1696 514 1761 ad
548 1719 697 1762 summum
731 1696 821 1762 multi
855 1699 1014 1785 sanguinis
1044 1700 1181 1784 pervenit

179 1815 268 1881 multa
296 1838 402 1904 passus
433 1815 573 1891 Orestes,
603 1813 663 1880 hoe
692 1819 793 1880 tamen
820 1815 854 1880 in
876 1817 973 1902 pretio
995 1817 1182 1904 reponimus,

180 1933 294 2000 oeulum
317 1934 425 1998 domus
449 1955 512 1998 non
534 1932 675 1998 truditus
698 1935 830 2020 periisse.

586 2167 771 2234 Ouoaus

222 2406 311 2472 Venit
342 2406 481 2472 vindicta
508 2405 670 2472 Priamidis
702 2405 864 2491 aliqnando
894 2407 1055 2494 gravisque
1076 2430 1180 2494 poena.

182 2524 265 2592 Venit
294 2527 417 2592 domum
448 2526 686 2614 Agamemnonis
716 2525 828 2614 duplex
858 2525 923 2603 leo,
951 2527 1063 2615 duplex
1087 2527 1180 2594 Mars.

182 2643 306 2712 Iocutus
328 2651 377 2712 est
399 2645 437 2710 ad
460 2668 564 2710 ornnes
587 2644 693 2730 Pythii
717 2644 873 2710 consultor
896 2646 996 2725 exsul,
1019 2647 1110 2711 rectis
1133 2647 1179 2711 di·
1192 2647 1255 2711 940

182 2764 285 2830 rioitus
314 2765 453 2830 oonsiliis
480 2765 640 2830 excitatus.
685 2763 796 2828 Ganite
820 2765 963 2830 edomui
988 2766 1088 2851 regiae
1111 2766 1181 2830 data

183 2882 312 2950 ndomm
341 2885 454 2970 effugia
478 2883 716 2970 direptionisque
740 2882 887 2948 bonorum
912 2907 948 2948 er
972 2882 1091 2948 duobus
1115 2906 1179 2949 see·

183 3000 288 3082 lentis,
308 3003 474 3070 infortunii
496 3003 607 3068 miseri.
652 3001 703 3068 ud
729 3001 833 3079 illurn,
857 3003 907 3067 oui
930 3023 1020 3068 eurao
1044 3007 1107 3068 erat
1130 3023 1181 3066 oo-

184 3118 254 3186 enlta
274 3145 393 3210 pugna,
417 3120 522 3186 dolosa
543 3143 639 3207 poena
658 3122 752 3187 venit.
787 3120 906 3207 Tetigit
924 3119 1038 3207 proelio
1057 3143 1179 3186 manum

185 3258 241 3303 nera
271 3241 359 3305 Jovis
393 3239 473 3304 filia:
507 3238 667 3305 Justitiam
701 3238 784 3304 illurn
818 3237 1002 3326 appellemus
1036 3238 1178 3304 mortales
1191 3240 1255 3303 950

184 3361 269 3423 reete:
301 3379 379 3443 quae
408 3357 595 3422 mortiferum
628 3357 660 3420 in
693 3354 794 3422 hostes
818 3358 913 3443 spirat
935 3356 1047 3422 odium.
1093 3355 1181 3428 Quae

184 3475 291 3558 quidem
321 3476 437 3542 Loxias
468 3475 662 3550 Parnassius,
686 3473 826 3540 habitans
850 3497 993 3562 maguum
1017 3473 1180 3560 angulum,

186 3591 262 3659 duxit
291 3615 351 3660 non
383 3594 467 3658 visus
497 3593 534 3658 ad
567 3592 641 3658 litus
670 3598 767 3658 terrae
790 3593 928 3658 dolosae:
951 3592 1034 3657 illam
1057 3593 1180 3656 tandem

185 3710 299 3792 invasit,
322 3735 399 3798 quae
416 3711 495 3776 hane
513 3713 614 3776 affecit
628 3712 749 3796 injuria.
784 3712 951 3799 Superatus
970 3711 1072 3796 aliquo
1093 3711 1181 3776 modo

82 3860 87 3889 ι
186 3827 308 3898 diuinam
338 3853 450 3896 numen
480 3836 637 3917 propterea
666 3830 746 3915 quod
777 3853 837 3895 non
868 3829 1055 3918 obtemperat
1078 3831 1181 3896 malis:

186 3967 275 4014 verum
296 3951 424 4016 revereri
447 3954 567 4036 oportet
590 3949 719 4016 eoeleste
741 3950 908 4036 imperium.
947 3949 1039 4016 Licet
1061 3949 1182 4038 oonspi·
1194 3952 1257 4014 960

188 4087 243 4132 oere
259 4068 372 4136 lueem:
395 4089 598 4154 magnumque
617 4067 692 4134 mihi
711 4067 844 4134 demtum
865 4073 912 4134 est
931 4068 1047 4134 denum
1066 4069 1180 4134 domus.

188 4181 310 4277 Exsurge
331 4211 404 4254 sane
426 4189 549 4253 domus:
573 4210 625 4276 per
644 4193 763 4275 tempus
784 4189 875 4254 nimis
896 4188 1075 4254 diuturnum
1094 4187 1180 4254 humi
