2972 4974
549 503 747 547 annorumo.
1091 483 1154 544 139

145 687 310 772 significari
334 709 368 751 ea
390 686 472 760 loca,
497 708 557 770 quo
576 686 639 771 jam
660 685 696 748 ad
716 707 848 772 pugnam
868 685 1059 771 prolecturus
1082 687 1154 748 erat.

144 803 237 876 Quod
262 805 295 869 in
320 806 568 891 interpretatione
590 805 702 870 Latina
724 805 891 891 exprimere
914 803 1028 868 studui.

188 911 264 988 584.
309 923 467 1004 ὀρθώσιιιτι.
514 923 559 987 Ut
600 921 675 986 mihi
714 923 747 986 in
788 921 910 1009 proeliis
954 921 1073 1006 adjutor
1104 921 1156 985 sit.

144 1041 301 1126 Stanlejus
335 1041 473 1119 dubitat,
505 1064 543 1104 an
574 1040 737 1128 legendum
771 1042 813 1105 sit
842 1041 993 1122 ὀρθώσιιτι.
1039 1039 1156 1104 Verum

144 1159 346 1246 conjungitur
376 1160 507 1224 aoristus
541 1159 694 1245 participii
739 1181 806 1224 cum
843 1160 954 1222 aoristo
989 1159 1159 1234 infinitivi,

143 1278 231 1363 qnasi
256 1279 407 1364 scriptum
429 1282 509 1342 esset
536 1279 716 1343 ἐποπτεῦσαι
739 1278 788 1342 καὶ
812 1278 936 1358 ὀρθῶσαι.

190 1399 266 1461 585.
311 1396 380 1461 Jam
419 1397 589 1461 constituto
624 1397 779 1483 proposito
814 1401 844 1460 et
878 1397 921 1461 rei
943 1396 1157 1483 perficiendae

145 1516 277 1581 consilio
299 1515 420 1580 Electra
439 1515 516 1580 abiit
539 1516 677 1593 domum,
701 1521 732 1579 at
755 1517 878 1580 Orestes
899 1537 967 1580 cnm
988 1515 1102 1601 Pylade
1121 1516 1158 1582 ad

145 1659 208 1700 rem
231 1635 393 1722 parandam
416 1635 544 1722 profecti
572 1641 661 1699 sunt:
686 1633 806 1699 Ohorns
831 1656 1002 1712 remanens,
1024 1639 1060 1700 ut
1076 1635 1158 1700 vide·

147 1761 215 1830 tur,
238 1754 277 1819 ad
296 1755 463 1832 tumulum,
483 1753 567 1818 solus
590 1775 707 1818 carmen
730 1755 829 1819 canit:
849 1753 1059 1840 gravissimum
1079 1753 1158 1818 illud

147 1879 177 1938 et
200 1873 430 1938 sententiosum.
464 1873 627 1957 Quumque
647 1873 778 1958 primum
790 1895 877 1936 sunm
891 1893 1027 1950 carmen,
1041 1895 1084 1938 vs.
1099 1876 1158 1950 22,

148 1994 180 2057 in
211 1992 300 2056 luctu
328 1993 463 2077 fletuque
492 1993 663 2079 posuisset,
695 1992 858 2076 eademque
898 1993 1046 2056 sententia
1073 2013 1160 2067 mox,

150 2114 231 2188 152,
254 2131 392 2196 paeonem
418 2116 537 2175 mortuo
563 2109 744 2175 tribuisset:
767 2115 871 2197 postea
890 2131 977 2186 vero,
997 2112 1059 2174 366
1079 2131 1160 2194 seqq.

149 2231 193 2294 ita
222 2251 351 2293 amorem
382 2252 469 2294 snum
502 2231 687 2316 aperuisset,
718 2235 754 2294 ut
776 2231 804 2293 is
828 2231 938 2316 partim
962 2229 999 2292 ad
1023 2228 1160 2294 consola-

21 2423 23 2430 Ι
150 2349 281 2424 tionem,
310 2349 420 2434 partim
451 2349 489 2414 ad
520 2349 720 2426 anxietatem,
749 2351 861 2435 partim
892 2371 962 2414 vero
986 2349 1022 2412 ad
1047 2349 1161 2414 doloris

21 2517 22 2546 ι
150 2468 393 2532 communionem
425 2467 630 2554 precandique
662 2469 836 2533 societatem
869 2469 1079 2554 pertinuisset:
1098 2469 1161 2553 jam

21 2669 23 2692 ι
150 2585 207 2652 hoc
239 2587 371 2651 carmine
401 2593 432 2650 et
457 2586 702 2673 magnitudinem
726 2587 848 2652 sceleris
870 2592 900 2652 et
922 2587 1067 2652 instantis
1090 2611 1161 2674 snp-

21 2695 23 2774 Ῐ
149 2705 234 2792 plicii
267 2705 448 2791 gravitatem
483 2707 527 2770 ita
565 2707 666 2784 canit,
697 2713 732 2769 ut
763 2727 797 2769 ea
823 2707 911 2791 quasi
934 2705 1160 2792 inexemplum

21 2799 22 2820 l
151 2821 272 2888 humani
305 2824 425 2909 generis
455 2827 605 2909 proponat
643 2825 821 2888 vaticinans.
870 2827 972 2910 Atque
1006 2831 1161 2889 venturam

21 2915 22 2956 ἶ
153 2965 276 3028 poenam
296 2943 357 3026 jam
386 2944 562 3007 memoravit
586 2947 645 3022 61,
669 2945 751 3020 310,
774 2947 847 3008 464.
895 2943 1017 3008 Electra
1039 2965 1111 3008 vero
1127 2945 1160 3008 in

153 3083 268 3126 sconem
304 3083 365 3124 non
396 3061 493 3124 redit:
524 3083 623 3146 neque
652 3063 684 3126 id
713 3085 777 3127 eam
801 3063 941 3140 decebat,
965 3063 1020 3127 illo
1044 3063 1161 3142 animo,

21 3207 22 3216 ¹
152 3203 239 3266 quem
271 3181 298 3243 ei
330 3178 442 3244 tribuit
470 3179 651 3266 Aeschylus.
698 3182 780 3246 Odio
812 3182 935 3266 quidem
959 3203 1053 3266 eoque
1075 3183 1161 3266 justo

153 3306 278 3365 matrem
306 3298 450 3364 habebat:
482 3303 562 3364 241:
593 3304 799 3365 verumtamen
827 3323 904 3386 qnae
927 3301 988 3365 suit
1010 3299 1161 3368 dubitatio

21 3455 22 3458 ι
153 3420 231 3504 ejus,
254 3440 294 3482 an
316 3417 422 3482 liceret
443 3418 567 3503 quidem
591 3417 726 3483 malefico
751 3421 859 3484 referre
882 3418 983 3484 mala?
1010 3423 1082 3484 122.
1114 3419 1161 3485 cf.

153 3537 309 3601 annotatio
333 3535 370 3599 ad
392 3537 463 3600 163.
508 3537 621 3602 Animo
646 3544 706 3602 tam
731 3537 858 3625 puellari
882 3559 943 3601 non
965 3537 1162 3602 conveniebat

154 3656 184 3720 in
207 3657 274 3742 ipsa
296 3654 386 3720 caede
407 3655 561 3720 interesse.
608 3657 694 3720 Oonl.
715 3657 747 3721 P.
769 3679 826 3720 ran
845 3656 996 3743 Limburg
1010 3656 1162 3734 Brouwer‚

156 3775 266 3840 Proeve
288 3795 360 3839 over
384 3773 554 3860 bachylus,
579 3799 607 3862 p.
633 3778 704 3839 136.

197 3898 269 3958 585.
314 3895 366 3969 γᾶ.
412 3893 451 3956 In
479 3892 568 3958 libris
599 3895 676 3974 γὰρ,
700 3893 861 3958 Turnebus
884 3891 915 3971 γ’
938 3895 1008 3972 ἀὴρ,
1031 3894 1159 3980 petitum

157 4033 171 4074 c
207 4011 340 4076 scholio:
377 4011 476 4076 πολλὰ
505 4011 597 4078 τίκτει
632 4015 646 4078 d
673 4013 728 4092 otte
758 4015 790 4077 ἐκ
820 4021 873 4087 τῆς
904 4013 1027 4088 ἡλιακῆς
1048 4012 1161 4083 ἀκτῖνος

155 4130 249 4206 πτηνὰ
267 4129 317 4194 nal
341 4127 457 4210 ἑρπετά.
480 4131 533 4196 εἰσὶ
555 4129 615 4211 γὰρ
638 4130 718 4214 ὄφεις
742 4127 775 4207 ἐξ
796 4129 877 4211 ἀέρος
900 4129 1065 4204 veterem.
1097 4129 1158 4193 Ve-

155 4269 217 4312 rnm
247 4249 279 4314 id
310 4247 448 4314 scholion
479 4248 553 4314 mibi
586 4271 646 4314 non
678 4249 714 4312 ad
747 4248 829 4314 hunc
863 4271 981 4314 versum
1009 4249 1160 4335 pertinere
