2972 4974
575 542 775 588 nuuorarro.
1121 523 1183 588 167

182 727 295 792 laveras
325 725 437 810 aliique
464 725 596 802 δήποθενι
620 725 712 810 idque
735 725 870 803 retineo,
894 729 929 790 ut
951 726 1075 810 propius
1098 745 1184 790 aoce-

183 845 250 910 dens
283 842 321 908 ad
354 846 535 931 scripturam
569 849 599 909 et
634 847 729 908 metro
760 844 857 930 magis
885 844 1069 908 conveniens
1093 865 1184 927 quam

183 964 257 1050 qnod
289 963 374 1028 dedit
401 961 581 1028 Turnebus:
607 984 709 1027 verum
732 962 918 1048 significatio
942 960 1012 1027 hl.
1036 982 1098 1026 non
1120 983 1186 1026 esse

183 1086 275 1169 potest
303 1081 521 1166 undecunque,
552 1080 604 1146 sed
635 1079 738 1146 eadem
767 1082 829 1146 fere
858 1102 922 1146 esse
945 1079 1084 1158 videtur,
1108 1102 1186 1166 qnae

185 1199 253 1264 solet
275 1221 340 1264 esse
362 1199 527 1286 particulae
546 1198 636 1276 δίπνν
663 1198 710 1264 vel
734 1199 878 1274 δήπουθεν.
922 1197 1115 1284 Hesychius:
1138 1199 1187 1276 66-

185 1321 259 1384 πνίεν
278 1316 356 1395 λέξις
375 1318 538 1394 σνναππννίν
560 1319 597 1390 ὣς
620 1317 669 1383 καί
689 1317 724 1382 πί
743 1318 840 1400 δήπου.
875 1317 1070 1384 Hermannns
1089 1317 1187 1384 edidit

185 1442 286 1514 γννῖπαν
310 1437 339 1500 δὲ
361 1440 406 1515 νῖν
428 1435 534 1510 addas:
557 1437 649 1502 nimis
672 1437 829 1515 audacter,
857 1441 892 1503 ut
914 1438 1019 1504 malta

224 1559 296 1622 666.
340 1553 465 1622 aluam.
511 1556 548 1620 16.
594 1557 634 1620 In
668 1555 703 1620 M
737 1561 768 1621 et
799 1557 827 1620 G
856 1557 971 1634 vinacea.
1016 1556 1186 1624 Ahrenains

185 1697 232 1762 pro
252 1700 298 1748 πνς
321 1675 406 1740 dedit
424 1674 486 1750 τίς,
509 1674 597 1761 signo
616 1675 825 1761 interrogandi
847 1680 916 1763 post
931 1677 1065 1756 πήμασιν
1077 1677 1186 1763 posito.

224 1797 297 1858 666.
343 1789 392 1864 αὖ,
436 1793 489 1856 Sic
512 1790 593 1856 libri.
639 1791 804 1858 Commode
835 1795 947 1860 Portus
978 1800 1008 1860 et
1034 1794 1187 1880 Stanlejus

188 1913 375 1996 conjecerunt
397 1908 447 1988 lav,
471 1913 507 1974 ut
529 1910 590 1974 lere
613 1911 650 1974 ad
673 1910 877 1998 recipiendam
900 1935 964 1980 eam
987 1915 1186 1980 mutationem

189 2030 330 2096 adductus
352 2030 483 2094 fuerim:
507 2033 711 2094 verumtamen
733 2051 795 2094 non
819 2052 939 2096 necesse
961 2037 1015 2098 est.

228 2151 297 2212 665.
343 2147 425 2228 ἴαχεν.
470 2147 543 2212 Nou
566 2145 644 2211 male
666 2150 803 2214 duratus
826 2149 958 2234 conjecit
979 2147 1057 2228 ἄγεν.

228 2271 298 2332 666.
341 2266 457 2349 βροτῶν.
503 2265 676 2332 Scholiasta
699 2267 848 2355 intelligit
866 2269 1016 2336 Lemnias.
1039 2269 1097 2336 nst
1116 2291 1186 2336 vero

192 2387 320 2456 universa
344 2387 503 2452 sententia.

229 2508 298 2572 667.
343 2505 434 2583 σέβει.
481 2502 650 2570 Ahreusius
684 2506 920 2590 iuterpretatur:
955 2504 1049 2571 colit:
1085 2528 1187 2574 verum

192 2621 229 2686 sia
256 2625 435 2690 senteutiam
465 2645 525 2700 uon
549 2621 698 2709 intelligo.
745 2622 844 2689 Credo
870 2645 950 2690 esse:
977 2625 1100 2703 metuit,
1122 2627 1142 2690 i.
1164 2649 1189 2692 e.

192 2743 258 2809 vitat
279 2749 309 2809 et
332 2743 370 2809 ab
393 2766 428 2808 6ο
453 2743 594 2808 abstinet.

229 2865 299 2928 668.
342 2861 462 2934 ἐνδίκως.
507 2861 683 2948 Opponitur
705 2859 847 2927 adverbio
869 2861 993 2942 ἀκαίρως
1016 2865 1089 2928 666.
1131 2863 1186 2928 Ι6-
1298 2839 1301 2844 ¹

192 2983 387 3070 tempestivam
406 2981 578 3046 memoriam
599 2981 695 3047 vitare
713 2985 903 3067 oportuerat:
921 3003 1026 3046 verum
1049 2983 1081 3046 iu
1100 2986 1187 3048 tauta

192 3102 352 3168 mortalium
387 3101 535 3188 pravitate
566 3100 683 3186 justam
715 3099 775 3164 feei
805 3099 950 3166 scelernm
983 3102 1186 3168 mentionem:

192 3239 273 3304 quun
297 3221 388 3287 etiam
407 3219 524 3305 justum
549 3219 734 3306 supplicium
757 3218 861 3284 instet.

230 3342 299 3404 669.
344 3337 520 3416 πλευμόνων.
565 3337 617 3402 sia
641 3335 677 3402 M
699 3341 730 3402 et
753 3337 801 3402 G:
824 3335 987 3417 πνευμόνων
1009 3337 1047 3404 R.

230 3461 299 3522 666.
344 3456 502 3523 διανταίαν.
548 3455 594 3520 cf.
623 3459 687 3520 186
709 3454 844 3538 διανταίῳ
862 3455 955 3534 βέλει.
990 3455 1189 3523 Blomfieldas

193 3573 330 3666 intelligit
355 3575 483 3654 πληγήν.
516 3573 575 3640 Est
597 3597 631 3640 ea
653 3575 732 3640 ratio
755 3577 862 3660 Agam.
889 3577 973 3640 1686
992 3573 1090 3654 πρίπην
1106 3576 1189 3642 ἐπεν-

193 3689 298 3772 illum:
333 3716 436 3762 verum
471 3693 502 3758 id
537 3693 660 3758 verbum
694 3715 762 3758 eum
798 3714 899 3758 casum
934 3691 1122 3779 postulabat,
1157 3700 1188 3759 et

195 3813 343 3895 praecessit
365 3811 454 3878 παίω.
499 3810 602 3896 Hujus
629 3811 690 3876 looi
714 3811 772 3876 alia
796 3812 874 3876 ratio
897 3817 960 3890 est,
983 3833 1050 3878 nam
1073 3817 1192 3892 πνῦπαν,

196 3930 261 4010 ruit,
281 3931 428 4018 ejusmodi
452 3933 660 3996 accusativum
683 3951 746 3996 non
770 3930 930 4008 adsciscit,
952 3939 1100 4016 quantum
1117 3931 1191 3998 scio.

197 4043 331 4138 Intelligo
354 4049 458 4138 potius
481 4048 549 4114 tal.

236 4171 303 4234 660.
346 4175 458 4236 πνῦπαν.
502 4170 555 4234 Sic
586 4166 676 4234 libri:
704 4189 797 4253 eaque
825 4169 975 4256 scriptura
1004 4168 1038 4232 in
1068 4167 1194 4234 scholiis

200 4289 379 4370 agnoscitur,
401 4293 432 4354 66
454 4287 623 4374 explicatur
645 4287 729 4372 ὁρμᾷ.
776 4286 971 4354 Hermannus
994 4293 1026 4354 66
1048 4285 1100 4352 alii
1124 4307 1192 4352 enm

1000 4405 1056 4464 lo·
