<?xml version="1.0" encoding="UTF-8"?>
<!DOCTYPE html PUBLIC "-//W3C//DTD XHTML 1.0 Transitional//EN"
    "http://www.w3.org/TR/xhtml1/DTD/xhtml1-transitional.dtd">
<html xmlns="http://www.w3.org/1999/xhtml" xml:lang="en" lang="en">
 <head>
  <title>
</title>
<meta http-equiv="Content-Type" content="text/html;charset=utf-8" />
  <meta name='ocr-system' content='tesseract 3.04.00' />
  <meta name='ocr-capabilities' content='ocr_page ocr_carea ocr_par ocr_line ocrx_word'/>
</head>
<body>
  <div class='ocr_page' id='page_1' title='image "aeschylichoepho00jonggoog_0136.png"; bbox 0 0 2972 4974; ppageno 0'>
   <div class='ocr_carea' id='block_1_1' title="bbox 319 475 929 536">
    <p class='ocr_par' dir='ltr' id='par_1_1' title="bbox 319 475 929 536">
     <span class='ocr_line' id='line_1_1' title="bbox 319 475 929 536; baseline -0.005 0"><span class='ocrx_word' id='word_1_1' title='bbox 319 475 386 536; x_wconf 80' lang='lat'><strong>124</strong></span> <span class='ocrx_word' id='word_1_2' title='bbox 729 489 929 536; x_wconf 80' lang='lat' dir='ltr'><strong>auuorauro.</strong></span> 
     </span>
    </p>
   </div>
   <div class='ocr_carea' id='block_1_2' title="bbox 315 671 1336 3498">
    <p class='ocr_par' dir='ltr' id='par_1_2' title="bbox 363 671 1335 764">
     <span class='ocr_line' id='line_1_2' title="bbox 363 671 1335 764; baseline 0.001 -26"><span class='ocrx_word' id='word_1_3' title='bbox 363 677 436 740; x_wconf 84' lang='grc'><strong>443.</strong></span> <span class='ocrx_word' id='word_1_4' title='bbox 482 671 569 738; x_wconf 86' lang='lat' dir='ltr'>Libri</span> <span class='ocrx_word' id='word_1_5' title='bbox 589 673 670 739; x_wconf 76' lang='grc' dir='ltr'><em>κλύει</em></span> <span class='ocrx_word' id='word_1_6' title='bbox 690 679 722 739; x_wconf 87' lang='grc'><strong>44</strong></span> <span class='ocrx_word' id='word_1_7' title='bbox 737 673 930 748; x_wconf 69' lang='lat' dir='ltr'><strong>taracinam:</strong></span> <span class='ocrx_word' id='word_1_8' title='bbox 947 673 1063 760; x_wconf 85' lang='lat' dir='ltr'><strong>pridem</strong></span> <span class='ocrx_word' id='word_1_9' title='bbox 1074 673 1266 738; x_wconf 88' lang='lat' dir='ltr'><strong>emendatum</strong></span> <span class='ocrx_word' id='word_1_10' title='bbox 1278 680 1335 764; x_wconf 80' lang='lat' dir='ltr'><strong>est.</strong></span> 
     </span>
    </p>

    <p class='ocr_par' dir='ltr' id='par_1_3' title="bbox 315 791 1336 1595">
     <span class='ocr_line' id='line_1_3' title="bbox 362 791 1336 872; baseline 0.002 -15"><span class='ocrx_word' id='word_1_11' title='bbox 362 796 436 858; x_wconf 91' lang='grc'><strong>444.</strong></span> <span class='ocrx_word' id='word_1_12' title='bbox 483 791 648 872; x_wconf 80' lang='lat' dir='ltr'><strong>Dubitari,</strong></span> <span class='ocrx_word' id='word_1_13' title='bbox 679 815 716 858; x_wconf 91' lang='lat' dir='ltr'><strong>an</strong></span> <span class='ocrx_word' id='word_1_14' title='bbox 740 792 792 860; x_wconf 92' lang='lat' dir='ltr'><strong>hic</strong></span> <span class='ocrx_word' id='word_1_15' title='bbox 812 815 917 858; x_wconf 85' lang='lat' dir='ltr'><strong>vorsus</strong></span> <span class='ocrx_word' id='word_1_16' title='bbox 943 797 1029 858; x_wconf 90' lang='lat' dir='ltr'><strong>ortus</strong></span> <span class='ocrx_word' id='word_1_17' title='bbox 1051 793 1159 859; x_wconf 82' lang='grc'><strong>1414444</strong></span> <span class='ocrx_word' id='word_1_18' title='bbox 1181 815 1219 858; x_wconf 81' lang='lat' dir='ltr'><strong>ex</strong></span> <span class='ocrx_word' id='word_1_19' title='bbox 1235 795 1336 859; x_wconf 86' lang='lat' dir='ltr'><strong>inter-</strong></span> 
     </span>
     <span class='ocr_line' id='line_1_4' title="bbox 318 911 1334 1000; baseline -0.002 -22"><span class='ocrx_word' id='word_1_20' title='bbox 318 913 485 1000; x_wconf 74' lang='lat' dir='ltr'><strong>pretatione</strong></span> <span class='ocrx_word' id='word_1_21' title='bbox 516 933 624 978; x_wconf 88' lang='lat' dir='ltr'><strong>vooum</strong></span> <span class='ocrx_word' id='word_1_22' title='bbox 651 912 788 999; x_wconf 83' lang='lat' dir='ltr'>proxime</span> <span class='ocrx_word' id='word_1_23' title='bbox 807 911 1069 1000; x_wconf 86' lang='lat' dir='ltr'><strong>praecedentium,</strong></span> <span class='ocrx_word' id='word_1_24' title='bbox 1092 915 1128 976; x_wconf 92' lang='lat' dir='ltr'><strong>ut</strong></span> <span class='ocrx_word' id='word_1_25' title='bbox 1150 933 1183 976; x_wconf 90' lang='lat' dir='ltr'><strong>ea</strong></span> <span class='ocrx_word' id='word_1_26' title='bbox 1206 912 1334 976; x_wconf 85' lang='lat' dir='ltr'><strong>luisset:</strong></span> 
     </span>
     <span class='ocr_line' id='line_1_5' title="bbox 315 1029 1336 1112; baseline 0 -16"><span class='ocrx_word' id='word_1_27' title='bbox 315 1031 397 1109; x_wconf 72' lang='grc' dir='ltr'><em>λέγει</em></span> <span class='ocrx_word' id='word_1_28' title='bbox 422 1031 564 1110; x_wconf 76' lang='grc' dir='ltr'><em>πατρώϊον</em></span> <span class='ocrx_word' id='word_1_29' title='bbox 586 1029 679 1112; x_wconf 81' lang='grc' dir='ltr'><em>μόρον.</em></span> <span class='ocrx_word' id='word_1_30' title='bbox 725 1031 785 1096; x_wconf 84' lang='lat' dir='ltr'><strong>Sed</strong></span> <span class='ocrx_word' id='word_1_31' title='bbox 809 1037 891 1097; x_wconf 91' lang='lat' dir='ltr'><strong>recte</strong></span> <span class='ocrx_word' id='word_1_32' title='bbox 913 1053 945 1095; x_wconf 91' lang='lat' dir='ltr'><strong>se</strong></span> <span class='ocrx_word' id='word_1_33' title='bbox 967 1029 1077 1096; x_wconf 89' lang='lat' dir='ltr'><strong>habere</strong></span> <span class='ocrx_word' id='word_1_34' title='bbox 1100 1031 1260 1096; x_wconf 83' lang='lat' dir='ltr'><strong>existimo:</strong></span> <span class='ocrx_word' id='word_1_35' title='bbox 1281 1055 1336 1096; x_wconf 87' lang='lat' dir='ltr'><strong>ex·</strong></span> 
     </span>
     <span class='ocr_line' id='line_1_6' title="bbox 317 1147 1336 1238; baseline -0.002 -22"><span class='ocrx_word' id='word_1_36' title='bbox 317 1151 433 1238; x_wconf 88' lang='lat' dir='ltr'><strong>cipiens</strong></span> <span class='ocrx_word' id='word_1_37' title='bbox 468 1149 591 1216; x_wconf 75' lang='lat' dir='ltr'><strong>Electra</strong></span> <span class='ocrx_word' id='word_1_38' title='bbox 626 1149 761 1216; x_wconf 85' lang='lat' dir='ltr'><strong>Ohorum</strong></span> <span class='ocrx_word' id='word_1_39' title='bbox 799 1149 982 1236; x_wconf 81' lang='lat' dir='ltr'>alloquitur:</span> <span class='ocrx_word' id='word_1_40' title='bbox 1019 1147 1094 1214; x_wconf 85' lang='lat' dir='ltr'><strong>haec</strong></span> <span class='ocrx_word' id='word_1_41' title='bbox 1115 1153 1152 1214; x_wconf 90' lang='lat' dir='ltr'><strong>tu</strong></span> <span class='ocrx_word' id='word_1_42' title='bbox 1176 1149 1213 1214; x_wconf 90' lang='lat' dir='ltr'><strong>de</strong></span> <span class='ocrx_word' id='word_1_43' title='bbox 1235 1151 1336 1236; x_wconf 89' lang='lat' dir='ltr'><strong>patris</strong></span> 
     </span>
     <span class='ocr_line' id='line_1_7' title="bbox 316 1269 1336 1357; baseline 0 -23"><span class='ocrx_word' id='word_1_44' title='bbox 316 1275 398 1334; x_wconf 80' lang='lat' dir='ltr'>sorte</span> <span class='ocrx_word' id='word_1_45' title='bbox 425 1291 545 1346; x_wconf 79' lang='lat' dir='ltr'><strong>nanas,</strong></span> <span class='ocrx_word' id='word_1_46' title='bbox 576 1291 659 1335; x_wconf 91' lang='lat' dir='ltr'><strong>nuuc</strong></span> <span class='ocrx_word' id='word_1_47' title='bbox 689 1269 764 1356; x_wconf 88' lang='lat' dir='ltr'><strong>quid</strong></span> <span class='ocrx_word' id='word_1_48' title='bbox 795 1291 853 1357; x_wconf 87' lang='lat' dir='ltr'><strong>ago</strong></span> <span class='ocrx_word' id='word_1_49' title='bbox 882 1274 949 1334; x_wconf 90' lang='lat' dir='ltr'><strong>tum</strong></span> <span class='ocrx_word' id='word_1_50' title='bbox 977 1291 1065 1356; x_wconf 86' lang='lat' dir='ltr'><strong>passa</strong></span> <span class='ocrx_word' id='word_1_51' title='bbox 1087 1269 1196 1334; x_wconf 76' lang='grc'><strong>4444144</strong></span> <span class='ocrx_word' id='word_1_52' title='bbox 1221 1269 1336 1334; x_wconf 87' lang='lat' dir='ltr'><strong>dicam.</strong></span> 
     </span>
     <span class='ocr_line' id='line_1_8' title="bbox 317 1387 1336 1470; baseline -0.001 -17"><span class='ocrx_word' id='word_1_53' title='bbox 317 1387 513 1454; x_wconf 87' lang='lat' dir='ltr'><strong>Hermanuus</strong></span> <span class='ocrx_word' id='word_1_54' title='bbox 537 1389 643 1454; x_wconf 78' lang='lat' dir='ltr'><strong>suadet</strong></span> <span class='ocrx_word' id='word_1_55' title='bbox 666 1388 759 1470; x_wconf 79' lang='grc' dir='ltr'><em>ἔχεις,</em></span> <span class='ocrx_word' id='word_1_56' title='bbox 792 1394 828 1454; x_wconf 85' lang='grc'><strong>44</strong></span> <span class='ocrx_word' id='word_1_57' title='bbox 850 1389 893 1454; x_wconf 92' lang='lat' dir='ltr'><strong>sit</strong></span> <span class='ocrx_word' id='word_1_58' title='bbox 915 1388 952 1453; x_wconf 89' lang='lat' dir='ltr'><strong>ad</strong></span> <span class='ocrx_word' id='word_1_59' title='bbox 977 1389 1115 1454; x_wconf 76' lang='lat' dir='ltr'><strong>Orestem</strong></span> <span class='ocrx_word' id='word_1_60' title='bbox 1139 1387 1253 1453; x_wconf 75' lang='lat' dir='ltr'><strong>oratio:</strong></span> <span class='ocrx_word' id='word_1_61' title='bbox 1279 1387 1336 1452; x_wconf 90' lang='lat' dir='ltr'><strong>ha·</strong></span> 
     </span>
     <span class='ocr_line' id='line_1_9' title="bbox 317 1507 563 1595; baseline -0.008 -21"><span class='ocrx_word' id='word_1_62' title='bbox 317 1507 385 1586; x_wconf 88' lang='lat' dir='ltr'><strong>bes,</strong></span> <span class='ocrx_word' id='word_1_63' title='bbox 409 1509 563 1595; x_wconf 88' lang='lat' dir='ltr'><strong>accepisti.</strong></span> 
     </span>
    </p>

    <p class='ocr_par' dir='ltr' id='par_1_4' title="bbox 316 1625 1336 2192">
     <span class='ocr_line' id='line_1_10' title="bbox 362 1625 1336 1712; baseline 0 -20"><span class='ocrx_word' id='word_1_64' title='bbox 362 1630 436 1692; x_wconf 84' lang='grc'><strong>446.</strong></span> <span class='ocrx_word' id='word_1_65' title='bbox 479 1632 591 1708; x_wconf 80' lang='grc' dir='ltr'><em>μυχοῦ.</em></span> <span class='ocrx_word' id='word_1_66' title='bbox 638 1626 792 1712; x_wconf 86' lang='lat' dir='ltr'><strong>Stanlejus</strong></span> <span class='ocrx_word' id='word_1_67' title='bbox 811 1626 919 1692; x_wconf 83' lang='lat' dir='ltr'><strong>suadet</strong></span> <span class='ocrx_word' id='word_1_68' title='bbox 938 1627 1029 1709; x_wconf 90' lang='grc' dir='ltr'><strong>μυχῷ</strong></span> <span class='ocrx_word' id='word_1_69' title='bbox 1049 1625 1073 1691; x_wconf 78' lang='grc' dir='ltr'><strong>δ’</strong></span> <span class='ocrx_word' id='word_1_70' title='bbox 1085 1625 1237 1711; x_wconf 75' lang='grc' dir='ltr'><em>ἔφερκτοςε</em></span> <span class='ocrx_word' id='word_1_71' title='bbox 1251 1625 1336 1692; x_wconf 89' lang='lat' dir='ltr'><strong>Her-</strong></span> 
     </span>
     <span class='ocr_line' id='line_1_11' title="bbox 317 1743 1333 1830; baseline -0.002 -19"><span class='ocrx_word' id='word_1_72' title='bbox 317 1768 445 1811; x_wconf 90' lang='lat' dir='ltr'><strong>mannus</strong></span> <span class='ocrx_word' id='word_1_73' title='bbox 468 1745 566 1812; x_wconf 88' lang='lat' dir='ltr'><strong>edidit</strong></span> <span class='ocrx_word' id='word_1_74' title='bbox 586 1747 677 1827; x_wconf 78' lang='grc' dir='ltr'><em>μυχῷ</em></span> <span class='ocrx_word' id='word_1_75' title='bbox 699 1743 723 1810; x_wconf 77' lang='grc' dir='ltr'><strong>δ’</strong></span> <span class='ocrx_word' id='word_1_76' title='bbox 746 1743 901 1830; x_wconf 75' lang='grc' dir='ltr'><em>ἄφερκτος.</em></span> <span class='ocrx_word' id='word_1_77' title='bbox 949 1745 1064 1810; x_wconf 88' lang='lat' dir='ltr'><strong>Verum</strong></span> <span class='ocrx_word' id='word_1_78' title='bbox 1083 1745 1262 1811; x_wconf 90' lang='lat' dir='ltr'><strong>retinendus</strong></span> <span class='ocrx_word' id='word_1_79' title='bbox 1283 1745 1333 1810; x_wconf 92' lang='lat' dir='ltr'><strong>vi-</strong></span> 
     </span>
     <span class='ocr_line' id='line_1_12' title="bbox 317 1861 1336 1952; baseline -0.001 -22"><span class='ocrx_word' id='word_1_80' title='bbox 317 1866 406 1930; x_wconf 88' lang='lat' dir='ltr'><strong>detur</strong></span> <span class='ocrx_word' id='word_1_81' title='bbox 436 1885 500 1930; x_wconf 90' lang='lat' dir='ltr'><strong>esse</strong></span> <span class='ocrx_word' id='word_1_82' title='bbox 534 1865 706 1952; x_wconf 87' lang='lat' dir='ltr'><strong>genitivus,</strong></span> <span class='ocrx_word' id='word_1_83' title='bbox 743 1886 841 1950; x_wconf 89' lang='lat' dir='ltr'><strong>neque</strong></span> <span class='ocrx_word' id='word_1_84' title='bbox 862 1866 907 1929; x_wconf 87' lang='lat' dir='ltr'><strong>ita</strong></span> <span class='ocrx_word' id='word_1_85' title='bbox 931 1865 1082 1952; x_wconf 88' lang='lat' dir='ltr'><strong>pertinere</strong></span> <span class='ocrx_word' id='word_1_86' title='bbox 1105 1863 1142 1928; x_wconf 86' lang='lat' dir='ltr'><strong>ad</strong></span> <span class='ocrx_word' id='word_1_87' title='bbox 1164 1861 1336 1947; x_wconf 70' lang='grc' dir='ltr'><em>ἄφερκτος,</em></span> 
     </span>
     <span class='ocr_line' id='line_1_13' title="bbox 317 1983 1335 2072; baseline -0.001 -23"><span class='ocrx_word' id='word_1_88' title='bbox 317 1989 353 2050; x_wconf 91' lang='grc'><strong>44</strong></span> <span class='ocrx_word' id='word_1_89' title='bbox 372 1984 577 2072; x_wconf 87' lang='lat' dir='ltr'><strong>significetur:</strong></span> <span class='ocrx_word' id='word_1_90' title='bbox 597 1983 634 2048; x_wconf 87' lang='lat' dir='ltr'><strong>ab</strong></span> <span class='ocrx_word' id='word_1_91' title='bbox 654 1983 768 2071; x_wconf 87' lang='lat' dir='ltr'><strong>angulo</strong></span> <span class='ocrx_word' id='word_1_92' title='bbox 783 1983 911 2049; x_wconf 85' lang='lat' dir='ltr'><strong>seclusa:</strong></span> <span class='ocrx_word' id='word_1_93' title='bbox 933 1984 983 2049; x_wconf 91' lang='lat' dir='ltr'><strong>sed</strong></span> <span class='ocrx_word' id='word_1_94' title='bbox 1003 2007 1068 2048; x_wconf 88' lang='lat' dir='ltr'><strong>esse</strong></span> <span class='ocrx_word' id='word_1_95' title='bbox 1079 1983 1236 2072; x_wconf 87' lang='lat' dir='ltr'><strong>genitivus</strong></span> <span class='ocrx_word' id='word_1_96' title='bbox 1250 1984 1335 2062; x_wconf 92' lang='lat' dir='ltr'><strong>loci,</strong></span> 
     </span>
     <span class='ocr_line' id='line_1_14' title="bbox 316 2101 1122 2192; baseline -0.002 -23"><span class='ocrx_word' id='word_1_97' title='bbox 316 2103 469 2192; x_wconf 91' lang='lat' dir='ltr'><strong>quomodo</strong></span> <span class='ocrx_word' id='word_1_98' title='bbox 494 2105 557 2166; x_wconf 78' lang='lat'><strong>352</strong></span> <span class='ocrx_word' id='word_1_99' title='bbox 582 2101 744 2168; x_wconf 71' lang='grc' dir='ltr'><em>διαποντίου</em></span> <span class='ocrx_word' id='word_1_100' title='bbox 766 2106 846 2180; x_wconf 66' lang='lat' dir='ltr'><strong>rica,</strong></span> <span class='ocrx_word' id='word_1_101' title='bbox 870 2107 900 2167; x_wconf 92' lang='lat' dir='ltr'><strong>et</strong></span> <span class='ocrx_word' id='word_1_102' title='bbox 924 2106 987 2167; x_wconf 88' lang='grc'><strong>389</strong></span> <span class='ocrx_word' id='word_1_103' title='bbox 1011 2103 1122 2187; x_wconf 78' lang='grc' dir='ltr'><em>φρενός.</em></span> 
     </span>
    </p>

    <p class='ocr_par' dir='ltr' id='par_1_5' title="bbox 315 2220 1335 2903">
     <span class='ocr_line' id='line_1_15' title="bbox 362 2220 1334 2308; baseline 0.002 -22"><span class='ocrx_word' id='word_1_104' title='bbox 362 2225 435 2287; x_wconf 90' lang='grc'><strong>448.</strong></span> <span class='ocrx_word' id='word_1_105' title='bbox 482 2221 651 2302; x_wconf 68' lang='grc' dir='ltr'><em>ἑτοιμότερα</em></span> <span class='ocrx_word' id='word_1_106' title='bbox 674 2220 812 2298; x_wconf 74' lang='grc' dir='ltr'><em>γέλωτος.</em></span> <span class='ocrx_word' id='word_1_107' title='bbox 847 2221 954 2286; x_wconf 89' lang='lat' dir='ltr'><strong>Videri</strong></span> <span class='ocrx_word' id='word_1_108' title='bbox 970 2223 1067 2308; x_wconf 90' lang='lat' dir='ltr'><strong>possit</strong></span> <span class='ocrx_word' id='word_1_109' title='bbox 1086 2221 1135 2288; x_wconf 87' lang='lat' dir='ltr'><strong>hia</strong></span> <span class='ocrx_word' id='word_1_110' title='bbox 1154 2221 1254 2288; x_wconf 86' lang='lat' dir='ltr'><strong>verbis</strong></span> <span class='ocrx_word' id='word_1_111' title='bbox 1268 2246 1334 2288; x_wconf 90' lang='lat' dir='ltr'><strong>non</strong></span> 
     </span>
     <span class='ocr_line' id='line_1_16' title="bbox 316 2339 1335 2427; baseline -0.001 -20"><span class='ocrx_word' id='word_1_112' title='bbox 316 2343 392 2408; x_wconf 89' lang='lat' dir='ltr'><strong>satis</strong></span> <span class='ocrx_word' id='word_1_113' title='bbox 423 2341 532 2406; x_wconf 90' lang='lat' dir='ltr'><strong>acriter</strong></span> <span class='ocrx_word' id='word_1_114' title='bbox 561 2343 623 2405; x_wconf 90' lang='lat' dir='ltr'><strong>tam</strong></span> <span class='ocrx_word' id='word_1_115' title='bbox 653 2340 756 2427; x_wconf 88' lang='lat' dir='ltr'><strong>gravis</strong></span> <span class='ocrx_word' id='word_1_116' title='bbox 788 2341 821 2403; x_wconf 89' lang='lat' dir='ltr'><strong>in</strong></span> <span class='ocrx_word' id='word_1_117' title='bbox 844 2339 992 2426; x_wconf 86' lang='lat' dir='ltr'><strong>ejusmodi</strong></span> <span class='ocrx_word' id='word_1_118' title='bbox 1017 2363 1091 2406; x_wconf 88' lang='lat' dir='ltr'><strong>casu</strong></span> <span class='ocrx_word' id='word_1_119' title='bbox 1112 2343 1242 2406; x_wconf 87' lang='lat' dir='ltr'><strong>tristitia</strong></span> <span class='ocrx_word' id='word_1_120' title='bbox 1266 2365 1335 2407; x_wconf 87' lang='lat' dir='ltr'><strong>esse</strong></span> 
     </span>
     <span class='ocr_line' id='line_1_17' title="bbox 316 2459 1334 2549; baseline 0.001 -23"><span class='ocrx_word' id='word_1_121' title='bbox 316 2461 486 2547; x_wconf 89' lang='lat' dir='ltr'><strong>descripta:</strong></span> <span class='ocrx_word' id='word_1_122' title='bbox 516 2481 618 2524; x_wconf 88' lang='lat' dir='ltr'><strong>verum</strong></span> <span class='ocrx_word' id='word_1_123' title='bbox 643 2459 759 2525; x_wconf 85' lang='lat' dir='ltr'><strong>Graeco</strong></span> <span class='ocrx_word' id='word_1_124' title='bbox 782 2459 859 2524; x_wconf 87' lang='lat' dir='ltr'><strong>mori</strong></span> <span class='ocrx_word' id='word_1_125' title='bbox 881 2464 981 2524; x_wconf 88' lang='lat' dir='ltr'><strong>tamen</strong></span> <span class='ocrx_word' id='word_1_126' title='bbox 1006 2482 1040 2524; x_wconf 89' lang='grc'><strong>44</strong></span> <span class='ocrx_word' id='word_1_127' title='bbox 1059 2460 1220 2525; x_wconf 90' lang='lat' dir='ltr'><strong>convenire</strong></span> <span class='ocrx_word' id='word_1_128' title='bbox 1240 2483 1334 2549; x_wconf 89' lang='lat' dir='ltr'><strong>appa-</strong></span> 
     </span>
     <span class='ocr_line' id='line_1_18' title="bbox 316 2576 1333 2667; baseline 0.001 -25"><span class='ocrx_word' id='word_1_129' title='bbox 316 2584 362 2643; x_wconf 88' lang='lat' dir='ltr'><strong>ret</strong></span> <span class='ocrx_word' id='word_1_130' title='bbox 396 2601 433 2643; x_wconf 83' lang='lat' dir='ltr'><strong>ex</strong></span> <span class='ocrx_word' id='word_1_131' title='bbox 467 2599 525 2642; x_wconf 89' lang='lat' dir='ltr'><strong>usu</strong></span> <span class='ocrx_word' id='word_1_132' title='bbox 559 2576 699 2642; x_wconf 78' lang='lat' dir='ltr'><strong>vocabuli</strong></span> <span class='ocrx_word' id='word_1_133' title='bbox 722 2576 909 2655; x_wconf 77' lang='grc' dir='ltr'><em>οὶχέλαυτος,</em></span> <span class='ocrx_word' id='word_1_134' title='bbox 933 2576 1016 2642; x_wconf 82' lang='grc'><strong>44144</strong></span> <span class='ocrx_word' id='word_1_135' title='bbox 1039 2578 1072 2642; x_wconf 90' lang='lat' dir='ltr'><strong>iu</strong></span> <span class='ocrx_word' id='word_1_136' title='bbox 1095 2577 1153 2644; x_wconf 91' lang='lat' dir='ltr'><strong>hac</strong></span> <span class='ocrx_word' id='word_1_137' title='bbox 1176 2579 1243 2667; x_wconf 90' lang='lat' dir='ltr'><strong>ipsa</strong></span> <span class='ocrx_word' id='word_1_138' title='bbox 1266 2583 1333 2643; x_wconf 89' lang='lat' dir='ltr'><strong>tra-</strong></span> 
     </span>
     <span class='ocr_line' id='line_1_19' title="bbox 315 2694 1332 2786; baseline 0.002 -25"><span class='ocrx_word' id='word_1_139' title='bbox 315 2695 423 2786; x_wconf 89' lang='lat' dir='ltr'><strong>goedia</strong></span> <span class='ocrx_word' id='word_1_140' title='bbox 452 2694 572 2761; x_wconf 83' lang='lat' dir='ltr'><strong>Chorus</strong></span> <span class='ocrx_word' id='word_1_141' title='bbox 603 2719 644 2762; x_wconf 86' lang='lat' dir='ltr'><strong>vs.</strong></span> <span class='ocrx_word' id='word_1_142' title='bbox 677 2699 718 2760; x_wconf 79' lang='lat'><strong>28</strong></span> <span class='ocrx_word' id='word_1_143' title='bbox 745 2697 924 2784; x_wconf 88' lang='lat' dir='ltr'><strong>gravissime</strong></span> <span class='ocrx_word' id='word_1_144' title='bbox 949 2719 1017 2761; x_wconf 91' lang='lat' dir='ltr'><strong>cum</strong></span> <span class='ocrx_word' id='word_1_145' title='bbox 1041 2697 1168 2783; x_wconf 88' lang='lat' dir='ltr'><strong>planctu</strong></span> <span class='ocrx_word' id='word_1_146' title='bbox 1190 2697 1332 2782; x_wconf 83' lang='lat' dir='ltr'><strong>querelas</strong></span> 
     </span>
     <span class='ocr_line' id='line_1_20' title="bbox 315 2811 1028 2903; baseline -0.003 -23"><span class='ocrx_word' id='word_1_147' title='bbox 315 2815 474 2880; x_wconf 86' lang='lat' dir='ltr'><strong>effundens</strong></span> <span class='ocrx_word' id='word_1_148' title='bbox 499 2813 633 2903; x_wconf 88' lang='lat' dir='ltr'><strong>appellat</strong></span> <span class='ocrx_word' id='word_1_149' title='bbox 655 2813 810 2897; x_wconf 71' lang='grc' dir='ltr'><em>ξυμφορὰς</em></span> <span class='ocrx_word' id='word_1_150' title='bbox 832 2811 1028 2892; x_wconf 72' lang='grc' dir='ltr'><em>οὶχελιὶοτους.</em></span> 
     </span>
    </p>

    <p class='ocr_par' dir='ltr' id='par_1_6' title="bbox 315 2933 1334 3498">
     <span class='ocr_line' id='line_1_21' title="bbox 362 2933 1334 3016; baseline 0.002 -18"><span class='ocrx_word' id='word_1_151' title='bbox 362 2938 436 2999; x_wconf 85' lang='grc'><strong>449.</strong></span> <span class='ocrx_word' id='word_1_152' title='bbox 480 2933 639 3016; x_wconf 79' lang='grc' dir='ltr'><em>χαίρουσα.</em></span> <span class='ocrx_word' id='word_1_153' title='bbox 685 2933 736 2999; x_wconf 84' lang='grc'><strong>144</strong></span> <span class='ocrx_word' id='word_1_154' title='bbox 758 2933 839 2999; x_wconf 89' lang='lat' dir='ltr'><strong>libri.</strong></span> <span class='ocrx_word' id='word_1_155' title='bbox 877 2933 1071 2998; x_wconf 88' lang='lat' dir='ltr'><strong>Hermannus</strong></span> <span class='ocrx_word' id='word_1_156' title='bbox 1095 2937 1125 2998; x_wconf 93' lang='lat' dir='ltr'><strong>et</strong></span> <span class='ocrx_word' id='word_1_157' title='bbox 1149 2933 1334 3000; x_wconf 88' lang='lat' dir='ltr'><strong>Dindorfius</strong></span> 
     </span>
     <span class='ocr_line' id='line_1_22' title="bbox 315 3051 1332 3141; baseline 0.001 -23"><span class='ocrx_word' id='word_1_158' title='bbox 315 3075 452 3141; x_wconf 80' lang='lat' dir='ltr'><strong>recepere</strong></span> <span class='ocrx_word' id='word_1_159' title='bbox 484 3051 571 3116; x_wconf 89' lang='lat' dir='ltr'><strong>valde</strong></span> <span class='ocrx_word' id='word_1_160' title='bbox 603 3053 767 3139; x_wconf 86' lang='lat' dir='ltr'><strong>speciosam</strong></span> <span class='ocrx_word' id='word_1_161' title='bbox 801 3051 933 3118; x_wconf 89' lang='lat' dir='ltr'><strong>Dobraei</strong></span> <span class='ocrx_word' id='word_1_162' title='bbox 970 3053 1174 3138; x_wconf 87' lang='lat' dir='ltr'><strong>conjecturam</strong></span> <span class='ocrx_word' id='word_1_163' title='bbox 1204 3052 1332 3134; x_wconf 82' lang='grc' dir='ltr'><em>χέουσα.</em></span> 
     </span>
     <span class='ocr_line' id='line_1_23' title="bbox 316 3171 1334 3259; baseline 0.001 -22"><span class='ocrx_word' id='word_1_164' title='bbox 316 3174 375 3238; x_wconf 78' lang='lat' dir='ltr'><strong>Sed</strong></span> <span class='ocrx_word' id='word_1_165' title='bbox 396 3176 477 3237; x_wconf 90' lang='lat' dir='ltr'><strong>recte</strong></span> <span class='ocrx_word' id='word_1_166' title='bbox 494 3171 695 3236; x_wconf 85' lang='lat' dir='ltr'><strong>Blcmlleldus</strong></span> <span class='ocrx_word' id='word_1_167' title='bbox 715 3171 816 3237; x_wconf 90' lang='lat' dir='ltr'><strong>locum</strong></span> <span class='ocrx_word' id='word_1_168' title='bbox 837 3172 1054 3259; x_wconf 88' lang='lat' dir='ltr'><strong>interpretatus</strong></span> <span class='ocrx_word' id='word_1_169' title='bbox 1069 3175 1129 3251; x_wconf 88' lang='lat' dir='ltr'><strong>est,</strong></span> <span class='ocrx_word' id='word_1_170' title='bbox 1144 3171 1334 3254; x_wconf 81' lang='grc' dir='ltr'><em>κεκρυμμένα</em></span> 
     </span>
     <span class='ocr_line' id='line_1_24' title="bbox 317 3290 1333 3379; baseline 0 -21"><span class='ocrx_word' id='word_1_171' title='bbox 317 3298 352 3358; x_wconf 88' lang='grc'><strong>44</strong></span> <span class='ocrx_word' id='word_1_172' title='bbox 379 3293 420 3358; x_wconf 92' lang='lat' dir='ltr'><strong>sit</strong></span> <span class='ocrx_word' id='word_1_173' title='bbox 448 3293 545 3357; x_wconf 85' lang='lat' dir='ltr'><strong>forma</strong></span> <span class='ocrx_word' id='word_1_174' title='bbox 575 3290 675 3355; x_wconf 91' lang='lat' dir='ltr'><strong>media</strong></span> <span class='ocrx_word' id='word_1_175' title='bbox 703 3295 821 3356; x_wconf 85' lang='lat' dir='ltr'><strong>activae</strong></span> <span class='ocrx_word' id='word_1_176' title='bbox 847 3292 1100 3379; x_wconf 73' lang='lat' dir='ltr'><strong>significationiS,</strong></span> <span class='ocrx_word' id='word_1_177' title='bbox 1129 3291 1333 3374; x_wconf 82' lang='grc' dir='ltr'><strong>44χα1ρουοα</strong></span> 
     </span>
     <span class='ocr_line' id='line_1_25' title="bbox 316 3409 1333 3498; baseline 0 -22"><span class='ocrx_word' id='word_1_178' title='bbox 316 3411 502 3493; x_wconf 85' lang='grc' dir='ltr'><em>κεκρυμμένα</em></span> <span class='ocrx_word' id='word_1_179' title='bbox 523 3411 660 3498; x_wconf 87' lang='lat' dir='ltr'><strong>gaudeus</strong></span> <span class='ocrx_word' id='word_1_180' title='bbox 683 3410 766 3495; x_wconf 89' lang='lat' dir='ltr'><strong>quod</strong></span> <span class='ocrx_word' id='word_1_181' title='bbox 789 3409 967 3475; x_wconf 87' lang='lat' dir='ltr'><strong>occulerem.</strong></span> <span class='ocrx_word' id='word_1_182' title='bbox 1014 3410 1141 3476; x_wconf 86' lang='lat' dir='ltr'><strong>Scilicet</strong></span> <span class='ocrx_word' id='word_1_183' title='bbox 1162 3415 1269 3475; x_wconf 89' lang='lat' dir='ltr'><strong>tantus</strong></span> <span class='ocrx_word' id='word_1_184' title='bbox 1292 3411 1333 3476; x_wconf 95' lang='lat' dir='ltr'><strong>il-</strong></span> 
     </span>
    </p>
   </div>
   <div class='ocr_carea' id='block_1_3' title="bbox 316 3529 1349 3622">
    <p class='ocr_par' dir='ltr' id='par_1_7' title="bbox 316 3529 1349 3622">
     <span class='ocr_line' id='line_1_26' title="bbox 316 3529 1349 3622; baseline 0.001 -28"><span class='ocrx_word' id='word_1_185' title='bbox 316 3531 374 3594; x_wconf 90' lang='lat' dir='ltr'><strong>lam</strong></span> <span class='ocrx_word' id='word_1_186' title='bbox 406 3535 504 3594; x_wconf 89' lang='lat' dir='ltr'><strong>terror</strong></span> <span class='ocrx_word' id='word_1_187' title='bbox 526 3529 695 3607; x_wconf 87' lang='lat' dir='ltr'><strong>invaserat,</strong></span> <span class='ocrx_word' id='word_1_188' title='bbox 721 3534 817 3622; x_wconf 74' lang='lat' dir='ltr'><strong>utne</strong></span> <span class='ocrx_word' id='word_1_189' title='bbox 840 3531 942 3616; x_wconf 87' lang='lat' dir='ltr'><strong>aperte</strong></span> <span class='ocrx_word' id='word_1_190' title='bbox 964 3529 1086 3615; x_wconf 89' lang='lat' dir='ltr'><strong>quidem</strong></span> <span class='ocrx_word' id='word_1_191' title='bbox 1110 3529 1234 3594; x_wconf 86' lang='lat' dir='ltr'><strong>auderet</strong></span> <span class='ocrx_word' id='word_1_192' title='bbox 1258 3553 1349 3622; x_wconf 19' lang='lat' dir='ltr'><strong>con-⁴</strong></span> 
     </span>
    </p>
   </div>
   <div class='ocr_carea' id='block_1_4' title="bbox 314 3647 1342 4334">
    <p class='ocr_par' dir='ltr' id='par_1_8' title="bbox 314 3647 1342 4334">
     <span class='ocr_line' id='line_1_27' title="bbox 316 3647 1333 3736; baseline 0.002 -22"><span class='ocrx_word' id='word_1_193' title='bbox 316 3649 416 3736; x_wconf 87' lang='lat' dir='ltr'><strong>queri,</strong></span> <span class='ocrx_word' id='word_1_194' title='bbox 442 3648 493 3714; x_wconf 89' lang='lat' dir='ltr'><strong>sed</strong></span> <span class='ocrx_word' id='word_1_195' title='bbox 516 3648 592 3713; x_wconf 89' lang='lat' dir='ltr'><strong>bene</strong></span> <span class='ocrx_word' id='word_1_196' title='bbox 614 3648 673 3713; x_wconf 89' lang='lat' dir='ltr'><strong>sibi</strong></span> <span class='ocrx_word' id='word_1_197' title='bbox 698 3671 763 3714; x_wconf 89' lang='lat' dir='ltr'><strong>esse</strong></span> <span class='ocrx_word' id='word_1_198' title='bbox 786 3649 990 3726; x_wconf 81' lang='lat' dir='ltr'><strong>existimaret,</strong></span> <span class='ocrx_word' id='word_1_199' title='bbox 1013 3648 1039 3713; x_wconf 89' lang='lat' dir='ltr'><strong>si</strong></span> <span class='ocrx_word' id='word_1_200' title='bbox 1063 3647 1210 3734; x_wconf 85' lang='lat' dir='ltr'><strong>lacrymas</strong></span> <span class='ocrx_word' id='word_1_201' title='bbox 1234 3650 1333 3716; x_wconf 87' lang='lat' dir='ltr'><strong>colare</strong></span> 
     </span>
     <span class='ocr_line' id='line_1_28' title="bbox 314 3768 1333 3856; baseline 0.001 -21"><span class='ocrx_word' id='word_1_202' title='bbox 314 3769 420 3835; x_wconf 86' lang='lat' dir='ltr'><strong>saltem</strong></span> <span class='ocrx_word' id='word_1_203' title='bbox 444 3775 554 3856; x_wconf 87' lang='lat' dir='ltr'><strong>posset.</strong></span> <span class='ocrx_word' id='word_1_204' title='bbox 599 3768 747 3856; x_wconf 79' lang='lat' dir='ltr'><strong>Exempla</strong></span> <span class='ocrx_word' id='word_1_205' title='bbox 771 3769 862 3854; x_wconf 88' lang='lat' dir='ltr'><strong>hujus</strong></span> <span class='ocrx_word' id='word_1_206' title='bbox 886 3769 1127 3834; x_wconf 87' lang='lat' dir='ltr'><strong>constructionis</strong></span> <span class='ocrx_word' id='word_1_207' title='bbox 1152 3769 1233 3834; x_wconf 87' lang='lat' dir='ltr'><strong>verbi</strong></span> <span class='ocrx_word' id='word_1_208' title='bbox 1256 3771 1333 3850; x_wconf 83' lang='grc' dir='ltr'><em>χαί·</em></span> 
     </span>
     <span class='ocr_line' id='line_1_29' title="bbox 314 3885 1332 3976; baseline -0.001 -22"><span class='ocrx_word' id='word_1_209' title='bbox 314 3914 369 3972; x_wconf 89' lang='grc' dir='ltr'><em>ρειν</em></span> <span class='ocrx_word' id='word_1_210' title='bbox 393 3911 462 3954; x_wconf 92' lang='lat' dir='ltr'><strong>cum</strong></span> <span class='ocrx_word' id='word_1_211' title='bbox 485 3887 649 3976; x_wconf 87' lang='lat' dir='ltr'><strong>participio</strong></span> <span class='ocrx_word' id='word_1_212' title='bbox 674 3891 763 3953; x_wconf 87' lang='lat' dir='ltr'><strong>affert</strong></span> <span class='ocrx_word' id='word_1_213' title='bbox 787 3885 1003 3966; x_wconf 89' lang='lat' dir='ltr'><strong>Blomfieldus‚</strong></span> <span class='ocrx_word' id='word_1_214' title='bbox 1029 3887 1112 3953; x_wconf 92' lang='lat' dir='ltr'><strong>velut</strong></span> <span class='ocrx_word' id='word_1_215' title='bbox 1135 3887 1249 3953; x_wconf 86' lang='lat' dir='ltr'><strong>Herod.</strong></span> <span class='ocrx_word' id='word_1_216' title='bbox 1264 3889 1332 3954; x_wconf 87' lang='lat' dir='ltr'><strong>VII</strong></span> 
     </span>
     <span class='ocr_line' id='line_1_30' title="bbox 317 4005 1331 4090; baseline -0.001 -17"><span class='ocrx_word' id='word_1_217' title='bbox 317 4011 380 4073; x_wconf 81' lang='lat'><strong>236</strong></span> <span class='ocrx_word' id='word_1_218' title='bbox 418 4007 546 4090; x_wconf 73' lang='lat' dir='ltr'><strong>aptaretur</strong></span> <span class='ocrx_word' id='word_1_219' title='bbox 580 4007 726 4074; x_wconf 72' lang='lat' dir='ltr'><strong>sarcitector</strong></span> <span class='ocrx_word' id='word_1_220' title='bbox 760 4006 917 4089; x_wconf 78' lang='grc' dir='ltr'><em>χρεώμενοι</em></span> <span class='ocrx_word' id='word_1_221' title='bbox 951 4008 975 4071; x_wconf 80' lang='grc' dir='ltr'><strong>οἱ</strong></span> <span class='ocrx_word' id='word_1_222' title='bbox 1006 4007 1150 4082; x_wconf 65' lang='grc' dir='ltr'><strong>’Έλληνες</strong></span> <span class='ocrx_word' id='word_1_223' title='bbox 1180 4005 1331 4088; x_wconf 75' lang='grc' dir='ltr'><em>χαίρουσιε</em></span> 
     </span>
     <span class='ocr_line' id='line_1_31' title="bbox 315 4125 1330 4214; baseline 0 -22"><span class='ocrx_word' id='word_1_224' title='bbox 315 4127 420 4213; x_wconf 78' lang='lat' dir='ltr'><strong>Burip.</strong></span> <span class='ocrx_word' id='word_1_225' title='bbox 452 4127 545 4214; x_wconf 89' lang='lat' dir='ltr'><strong>Hipp.</strong></span> <span class='ocrx_word' id='word_1_226' title='bbox 578 4127 775 4206; x_wconf 77' lang='grc' dir='ltr'><em>ὃτιμώμενοι</em></span> <span class='ocrx_word' id='word_1_227' title='bbox 796 4127 954 4209; x_wconf 73' lang='grc' dir='ltr'><em>χαίρουσιν.</em></span> <span class='ocrx_word' id='word_1_228' title='bbox 1001 4127 1042 4192; x_wconf 88' lang='lat' dir='ltr'><strong>Et</strong></span> <span class='ocrx_word' id='word_1_229' title='bbox 1066 4125 1191 4192; x_wconf 86' lang='lat' dir='ltr'><strong>verbum</strong></span> <span class='ocrx_word' id='word_1_230' title='bbox 1213 4126 1330 4209; x_wconf 80' lang='grc' dir='ltr'><em>κρύττοο</em></span> 
     </span>
     <span class='ocr_line' id='line_1_32' title="bbox 315 4244 1342 4334; baseline -0.002 -22"><span class='ocrx_word' id='word_1_231' title='bbox 315 4247 411 4312; x_wconf 86' lang='lat' dir='ltr'><strong>forma</strong></span> <span class='ocrx_word' id='word_1_232' title='bbox 438 4246 536 4312; x_wconf 90' lang='lat' dir='ltr'><strong>media</strong></span> <span class='ocrx_word' id='word_1_233' title='bbox 567 4247 656 4311; x_wconf 89' lang='lat' dir='ltr'><strong>etiam</strong></span> <span class='ocrx_word' id='word_1_234' title='bbox 690 4246 821 4312; x_wconf 87' lang='lat' dir='ltr'><strong>activam</strong></span> <span class='ocrx_word' id='word_1_235' title='bbox 844 4245 1101 4334; x_wconf 89' lang='lat' dir='ltr'><strong>significationem</strong></span> <span class='ocrx_word' id='word_1_236' title='bbox 1124 4244 1215 4310; x_wconf 88' lang='lat' dir='ltr'><strong>habet</strong></span> <span class='ocrx_word' id='word_1_237' title='bbox 1238 4244 1342 4333; x_wconf 78' lang='lat' dir='ltr'><strong>Soph.&#39;</strong></span> 
     </span>
    </p>
   </div>
   <div class='ocr_carea' id='block_1_5' title="bbox 0 0 1490 4974">
    <p class='ocr_par' dir='ltr' id='par_1_9' title="bbox 0 0 1490 4974">
     <span class='ocr_line' id='line_1_33' title="bbox 0 0 1490 4974; baseline 0 0"><span class='ocrx_word' id='word_1_238' title='bbox 0 0 1490 4974; x_wconf 95' lang='lat' dir='ltr'><strong> </strong></span> 
     </span>
    </p>
   </div>
  </div>
 </body>
</html>
