2956 4974
345 479 387 542 80
754 497 954 544 onerario.

389 681 441 744 35.
485 677 623 760 μυχόθεν.
668 677 840 746 Scholiasta
865 678 1011 767 explieat:
1038 700 1076 744 ox
1098 679 1211 744 intimo
1233 683 1352 766 pectore

344 797 615 884 Clytaemnestram
639 799 728 865 eredo
747 800 851 887 potius
869 799 1038 887 significari
1056 820 1094 864 ox
1105 797 1217 886 angulo
1231 798 1353 874 domus,

344 940 360 984 e
383 918 501 984 secluso
525 919 781 1005 Clytaemestrae
802 918 945 984 thalamo.

389 1040 439 1102 ³5.
485 1035 583 1102 ἔλακε.
628 1037 717 1104 Libri
747 1036 863 1118 ἔλαχε,
895 1037 1003 1102 sedin
1027 1033 1353 1124 Metesupraad-

343 1155 491 1242 scriptum
514 1179 556 1222 ιιε.
593 1154 668 1221 Mox
693 1159 734 1220 38
759 1155 829 1222 libri
852 1154 973 1237 ἔλαχον.

389 1276 439 1338 36.
485 1273 684 1350 γυναικείοισιν
718 1275 746 1339 ἕν
776 1274 914 1354 δώμασιν.
961 1271 1132 1338 Scholiasta
1161 1271 1285 1336 domum
1311 1269 1353 1333 ita

343 1390 486 1479 appellari
516 1393 672 1458 existimat
701 1397 858 1480 propterea
887 1391 970 1478 quod
997 1412 1052 1456 suo
1076 1389 1200 1454 domino
1225 1389 1352 1454 careret:

342 1511 552 1576 tantummodo
585 1510 764 1576 famularum
799 1509 886 1576 aedes
918 1510 1085 1598 significari
1115 1512 1209 1596 puto,
1241 1528 1353 1593 quase

341 1626 474 1695 thalamo
500 1636 623 1695 exortus
652 1629 910 1715 Clytaemnntrae
937 1627 1051 1694 elamor
1073 1632 1188 1692 terrore
1210 1625 1353 1715 replevit:

343 1749 379 1812 cl
404 1751 477 1812 535.

388 1869 441 1932 37.
483 1889 527 1932 τε.
575 1865 633 1930 Vel
664 1864 740 1943 hoe,
769 1864 816 1930 vel
839 1866 868 1932 δὲ
887 1866 1129 1932 interseruerunt
1149 1864 1299 1930 editores:
1320 1863 1353 1927 in

340 1985 429 2050 libris
453 1983 560 2072 oopula
583 1985 674 2050 deest.

386 2107 438 2168 44.
483 2110 659 2181 ναῖαναῖα.
695 2103 783 2168 Libri
794 2109 872 2180 γαΐα
884 2096 1239 2183 μαῒαεεσὴοὶίνεῐσῶνῆ
1249 2102 1352 2182 μήτηρ.

387 2225 439 2286 45.
485 2220 521 2286 Μ
544 2222 645 2300 μώμεν
667 2229 807 2302 αμιλλεῑ,
829 2227 861 2286 et
882 2220 992 2306 reliqui
1015 2219 1087 2285 libri
1110 2221 1172 2285 iere
1195 2219 1304 2284 simile.

390 2343 442 2406 47.
487 2339 637 2418 ἐκβαλεῖν.
683 2339 770 2406 Libri
793 2338 962 2419 ἐκβάλλειν.
1001 2338 1132 2404 Veretur
1147 2336 1268 2403 Chorus
1288 2358 1353 2424 per-
1457 2385 1458 2408 .

343 2457 432 2546 fungi
464 2460 605 2524 mandato
633 2466 663 2524 et
692 2460 798 2524 inanes
820 2480 876 2524 nee
898 2459 1068 2547 plaoaturas
1090 2462 1244 2523 mortuum
1267 2477 1354 2522 voees

341 2577 494 2657 emittere,
516 2599 573 2642 neo
597 2580 775 2665 sanguinem
798 2578 906 2643 redimi
924 2577 1112 2663 intelligens,
1131 2582 1162 2642 et
1180 2577 1247 2664 ipso
1268 2597 1352 2642 man·

343 2693 415 2760 dato
438 2696 476 2761 ad
499 2696 706 2762 renovandum
729 2697 847 2762 luotum
871 2698 1031 2762 excitatus.

386 2815 438 2879 48.
482 2815 591 2895 λύτρον.
637 2815 725 2880 Libri
747 2814 863 2896 λυγρὸν.
909 2814 1021 2880 hladem
1048 2815 1200 2880 sententia
1226 2813 1353 2878 Orestae

340 2938 386 2999 est
410 2934 483 2997 520.

386 3053 438 3114 50.
481 3049 690 3134 κατασκαφαὶ.
736 3051 822 3117 Oonl.
848 3054 913 3118 964
934 3057 1140 3131 χαμαιπετεῖς
1162 3047 1273 3116 ἔκεισθ’.

387 3172 438 3233 54.
482 3169 586 3247 σέβας.
631 3169 791 3234 Pertineut
821 3168 896 3234 haee
926 3170 963 3234 ad
986 3168 1168 3234 laudandam
1194 3169 1350 3256 ingentem

339 3287 467 3374 gloriam
487 3288 626 3352 bellicam
650 3289 906 3394 ¹Agamemnonis,
928 3311 1005 3374 quae
1026 3288 1064 3353 ad
1083 3286 1229 3375 populum
1249 3289 1350 3374 ipsum

339 3406 528 3472 redundabat
554 3428 682 3492 eumque
705 3405 877 3472 dulcedinis
899 3407 1111 3472 communione
1133 3405 1350 3472 commovebat.

340 3524 387 3590 cf.
411 3526 485 3589 302.

386 3646 437 3708 54.
481 3640 660 3722 ἀδείμαντον.
697 3643 749 3708 sie
771 3641 851 3708 libri
882 3641 1078 3708 Hermannue
1097 3642 1209 3729 aliique
1227 3641 1350 3722 αδαματ

338 3782 401 3826 τινε
424 3759 551 3826 fortass'e
574 3758 689 3825 melius.
735 3760 803 3825 Nee
825 3764 924 3825 tamen
945 3761 991 3826 vel
1009 3762 1055 3825 sio
1070 3782 1174 3826 versus
1187 3761 1349 3850 respondet

339 3877 506 3967 strophieo:
519 3885 699 3967 quapropter
711 3880 802 3944 etiem
815 3881 914 3967 ipsum
926 3878 1115 3967 strophiorum
1129 3885 1171 3944 42
1183 3882 1347 3946 mutarunt

385 4001 435 4063 56.
479 3996 590 4082 φρενός.
636 3997 671 4062 Μ
694 4003 724 4062 et
748 3999 777 4062 G
799 3997 909 4082 φρένες.

384 4120 435 4182 59.
478 4115 621 4199 φοβεῖται
643 4115 673 4180 δέ
695 4140 748 4189 τις.
794 4117 995 4202 Significatur
1014 4115 1264 4202 Clytaemnestra
1293 4114 1345 4180 'li-

339 4258 404 4301 mor
436 4234 520 4299 illam
551 4235 682 4299 invasit:
715 4255 814 4320 neque
845 4234 975 4320 injurie:
1009 4257 1078 4300 uam
1111 4235 1243 4302 felioitaa
1276 4233 1343 4309 illa,
