2956 4974
315 3676 377 3731 XO.

719 407 928 466 ΑΙΣΧΥΛΟΥ

430 603 530 676 άλλας
552 628 586 669 σε
608 609 702 683 Φωνεῖ
724 603 892 683 προσβολάς
915 600 1075 685 Ἐριννύων,

430 739 462 803 ἐκ
484 743 540 803 τῶν
563 736 702 820 πατρῴων
724 735 860 815 αἱμάτων
879 736 1076 848 ςλουμένας,

429 873 536 953 θρῶντα
558 871 695 952 λαμπρὸν
716 873 746 937 ἐν
768 871 860 952 σκότῳ
883 873 1009 948 νωμῶντ’
1031 869 1128 952 θφρύν.

429 1004 463 1071 τὸ
486 1007 547 1086 γάρ
570 1004 709 1071 σκοτεινὸν
731 1011 788 1071 τῶν
810 1005 954 1087 ἐνερτέρων
976 1002 1064 1082 βέλος

429 1141 462 1204 ἐκ
483 1138 697 1220 προστροπαίων
720 1140 749 1204 ἐν
771 1137 848 1215 γένει
871 1139 1082 1217 πεπωκότων,

428 1271 478 1338 καὶ
501 1271 617 1348 λύσσα,
641 1271 690 1336 καί
715 1271 841 1350 μάταιος
864 1273 897 1337 ἐκ
919 1278 1025 1338 νυκτῶν
1047 1271 1143 1355 φόβος

429 1412 517 1482 κινεῖ,
539 1402 697 1486 ταράσσει,
721 1405 771 1470 καί
795 1404 926 1470 θιιύκεται
950 1404 1061 1478 πόλεως

430 1538 617 1620 χαλκηλάτῳ
640 1537 811 1617 πλάστιγγι
835 1539 979 1617 λυμανθὲν
1001 1539 1103 1617 δέμας.

427 1671 476 1736 καί
498 1678 557 1744 τοῖς
579 1671 713 1744 τοιούτοις
735 1671 802 1737 ούτε
824 1679 961 1754 κρατῆρος
983 1672 1067 1754 μέρος

429 1801 499 1869 εἶναι
523 1811 708 1884 μετασχεῖν,
731 1805 762 1868 ού
785 1802 978 1887 Φιλοσπίνθου
1000 1804 1099 1883 λιβὸς,

427 1937 535 2016 βωμῶν
555 1939 584 2003 τ’
605 1935 754 2019 άπείργειν
776 1937 834 2018 ούχ
857 1937 995 2018 ἐρωμένην
1017 1936 1126 2019 πατρὸς

428 2080 526 2150 μῆνιν,
551 2070 688 2152 δέχεσθαι
707 2068 731 2137 δ’
753 2070 820 2137 οὔτε
842 2071 979 2137 συλλύειν
999 2071 1075 2138 τινά.

427 2202 544 2269 πάντων
566 2203 591 2267 θ’
613 2201 717 2284 άτιμον
738 2200 866 2287 κάφιλον
888 2204 1013 2279 θνήσκειν
1034 2201 1126 2285 χρθνῳ

425 2342 520 2410 κακῶς
541 2336 752 2418 ταριχευθέντα
776 2336 967 2421 παμφθάρτῳ
990 2335 1075 2419 μύρῳ.

425 2470 543 2536 τοιοῖσδε
564 2477 707 2552 χρησμοῖς
729 2465 789 2552 άριι
809 2472 868 2552 χρη
891 2470 1064 2537 πεποιθέναι.

425 2603 467 2668 κεῖ
490 2604 532 2682 μη
555 2603 695 2679 πέποιθα,
719 2602 838 2685 τούργον
861 2601 923 2670 ἐστ’
946 2603 1110 2686 ἐργαστέον.

426 2736 527 2801 πολλοὶ
551 2735 610 2816 γάρ
632 2737 673 2808 είς
696 2732 726 2800 ἐν
749 2735 956 2814 συμπίτνουσιν
978 2732 1081 2819 ἵμεροι,

426 2870 486 2936 θεοῦ
509 2872 537 2933 τ’
559 2868 705 2953 ἐφετμαὶ,
729 2870 779 2936 καί
802 2870 913 2951 πατρὸς
937 2871 1034 2944 πένθος
1057 2870 1158 2950 μέγα,

425 3002 475 3067 καὶ
498 3002 566 3085 πρὸς
588 3001 676 3084 πιέζει
699 3002 861 3084 χρημάτων
883 3004 1012 3085 άχηνία,

425 3135 458 3200 τὸ
481 3136 523 3214 μέν
546 3136 670 3208 πολίτας
693 3135 919 3208 εὐκλεεστάτους
943 3137 1070 3219 βροτῶν,

423 3269 529 3350 Τροίας
554 3269 764 3351 άναστατῆρας
786 3268 890 3350 εύδθξῳ
911 3270 1012 3353 φρενί,

425 3400 498 3466 δυοῖν
522 3408 668 3478 γυναικοῖν
691 3398 737 3467 ὧδ’
761 3403 900 3478 ύπηκίους
922 3403 1030 3470 πέλειν.

425 3535 526 3610 θύλεια
548 3536 607 3617 γάρ
630 3537 721 3618 Φρηο·
757 3538 781 3602 εί
805 3536 834 3600 δέ
856 3537 918 3616 μη,
941 3536 1018 3619 τάχ’
1039 3535 1159 3604 είσεται.

488 3669 559 3733 άλλ’
581 3661 602 3732 ῶ
625 3667 762 3747 μεγάλαι
785 3676 900 3751 μοῖραι,
924 3669 1022 3736 Διθθεν

579 3800 649 3884 τῇδε
670 3808 828 3886 τελευτᾷν,

536 3930 555 4015 ᾖ
576 3933 609 3998 τὸ
632 3933 737 3999 δίκαιον
758 3934 945 4014 μεταβαίνει.

491 4063 556 4131 άνπῖ
580 4067 634 4145 μὲν
656 4067 764 4149 ἐχθρῶς
788 4068 924 4144 γλώσσης
947 4068 1040 4150 ἐχθρά

490 4202 616 4273 γλῶσσα
637 4199 790 4265 τελείσθω·
825 4201 1047 4284 τούςθειλύμενον
