2972 4974
332 507 395 568 134
729 523 929 568 annonario.

328 709 426 772 firmat
455 703 614 792 Sophoclis
643 705 727 781 looo,
757 705 806 790 Aj.
831 709 893 772 285
926 705 1005 786 ἡνίχ’
1027 701 1138 786 ἕσπερον
1162 714 1338 786 λαμπτῆρες

327 825 419 890 οὐκέτ’
441 821 517 906 ᾖδον,
541 828 571 890 et
594 823 712 889 scholio
736 825 772 888 ad
795 829 935 890 nostrum
957 823 1059 890 locum
1081 825 1272 904 σῖνέλιιμψσν.

373 947 446 1008 586.
491 942 724 1026 ἕνντυφλοῖὲντες
740 943 842 1024 σκότῳ.
867 943 998 1030 Copiose
1014 943 1144 1024 dictum,
1161 946 1341 1009 exstinctae.

374 1066 446 1126 238.
491 1060 615 1138 κηδείους
638 1061 726 1142 χοὰς.
772 1059 819 1126 Of.
845 1065 895 1128 87.

375 1184 447 1246 539.
492 1179 703 1259 decoronatione
725 1179 877 1258 πνμοὶπινν.
924 1181 1020 1244 Becte
1043 1179 1226 1245 scholiasta:
1259 1177 1343 1260 θεμνὶ-

330 1323 432 1378 πευμιν
454 1299 593 1379 τμητικὸν
614 1305 669 1365 τῶν
691 1304 794 1364 νοννῶν.
839 1298 885 1363 Oi.
907 1297 1015 1364 Aesch.
1034 1300 1128 1386 Supp.
1148 1304 1211 1364 268
1232 1298 1343 1364 τούτων

331 1417 388 1492 ἄκη
410 1427 524 1496 τομνιῖοι
543 1418 592 1484 xci
609 1419 739 1499 λυτήριον.
785 1417 858 1482 Νοιι
886 1416 962 1482 bene
991 1415 1156 1483 scholiasta
1185 1421 1274 1504 putat
1294 1419 1343 1482 in·

332 1537 433 1624 telligi
463 1543 568 1602 ποιεῖν;
599 1543 644 1602 est
667 1528 817 1624 appositio
839 1537 1022 1614 accusativi,
1057 1537 1166 1621 quiin
1190 1535 1345 1603 ε’λπῖσνισιι

331 1677 436 1722 rursus
459 1656 647 1742 intelligitur
669 1679 705 1722 ea
728 1657 924 1743 praecedente
945 1655 1030 1736 χοάς.

379 1777 451 1840 541.
495 1772 582 1840 τοῦτ’.
617 1773 782 1851 Scholion,
805 1773 876 1838 huic
897 1772 1044 1838 vocabulo
1060 1774 1246 1861 appositum,
1269 1775 1345 1840 αὐτὸ

332 1892 365 1958 τὸ
396 1891 506 1974 ὄνειρον,
540 1893 577 1958 ad
608 1915 648 1958 νιν
677 1894 711 1957 in
744 1915 862 1958 versum
893 1898 1065 1977 sequentem
1099 1894 1343 1959 transferendum

333 2016 415 2098 puto.

380 2134 453 2196 542.
498 2129 678 2209 συγκόλλως.
724 2132 761 2195 In
790 2131 826 2196 M
848 2130 1025 2203 συσκόλλυς.
1064 2129 1254 2196 Scholiasta:
1277 2156 1346 2196 συν-

332 2249 466 2329 ημμένος
495 2259 533 2332 τῇ
562 2249 693 2332 danista.
740 2251 849 2316 Potius
880 2251 1037 2326 existimo,
1068 2251 1235 2336 significari
1264 2253 1345 2338 apti-

333 2367 471 2434 tudinem
494 2369 531 2433 ad
554 2389 654 2454 preces
677 2390 744 2446 eas,
774 2391 848 2453 quas
882 2367 973 2432 modo
996 2369 1092 2446 dixit,
1115 2363 1186 2434 siaou
1210 2369 1272 2448 ἐμοὶ
1296 2394 1346 2435 τε·

332 2485 482 2570 λεσφδρον.

379 2610 452 2671 543.
496 2607 629 2672 ἐκλιπὼν.
675 2606 763 2670 Libri
786 2606 935 2671 ἐνιλεῖπινν.

380 2727 452 2788 544.
497 2725 536 2787 In
560 2723 594 2788 M
614 2723 1131 2806 ου’φεισεποισσοσποιργσονηπλεῖζετσ,
1152 2727 1186 2789 in
1210 2725 1293 2790 Get
1316 2726 1347 2790 R

333 2844 450 2909 eaedem
486 2843 605 2920 literae,
639 2844 689 2908 sed
724 2842 785 2908 alia
819 2843 968 2908 divisione
999 2848 1029 2907 et
1060 2841 1235 2908 accentibus
1267 2844 1347 2909 aliis.

333 2960 509 3027 Turnebus:
532 2961 597 3043 ὄφις
620 2986 654 3027 τε
677 2964 766 3026 πᾶσιν
789 2963 967 3044 σπαργάνοις
990 2960 1141 3043 ῖπλῖζετο,
1171 2960 1347 3048 Stephanus

334 3079 483 3160 ὡπλίζετο.
528 3079 619 3151 Quod
643 3080 799 3156 dedimus,
822 3079 949 3144 debetur
972 3081 1116 3145 Porsono.
1154 3080 1283 3167 Propius
1309 3081 1347 3144 ad

335 3200 501 3284 scripturae
518 3200 645 3285 vestigia
664 3199 804 3263 accedere
823 3198 975 3263 videratur
989 3197 1119 3284 addiscus
1130 3197 1231 3271 παιδὸς
1245 3223 1309 3264 nr.
1319 3216 1347 3266 λ.

336 3318 552 3382 Verumtamen
581 3317 614 3382 in
637 3317 765 3381 Porsoni
797 3317 1006 3382 emendatione
1037 3315 1137 3381 adhuc
1168 3318 1348 3402 acquiesco:

335 3460 403 3501 nam
427 3436 680 3522 comparationem
703 3437 783 3500 inter
803 3458 835 3499 sa
856 3441 886 3500 et
909 3457 1038 3522 anguem
1063 3436 1225 3522 diligenter
1246 3457 1349 3522 perse-

335 3555 442 3641 quitur
461 3556 601 3631 Orestes,
623 3560 755 3620 ventrem
768 3554 1023 3639 Clytaemnestrae
1034 3555 1187 3642 appellans
1198 3555 1246 3620 τὸν
1257 3556 1349 3620 αὐτὸν

334 3679 424 3754 χοῖρον
455 3671 532 3751 ἐμοὶ,
565 3682 595 3737 et
626 3695 696 3736 mox
727 3695 884 3738 mammam
910 3674 973 3758 ejus
996 3673 1064 3752 ἐμὸν
1086 3675 1264 3756 θρεπτήριονι
1298 3675 1349 3737 id·
1399 3675 1401 3680 ’

336 3794 417 3858 circo
446 3813 609 3880 pronomen
639 3793 731 3871 ἐμοῖσι
763 3790 822 3856 hoo
845 3814 965 3877 quoque
986 3793 1054 3857 loco
1078 3814 1218 3879 perquam
1241 3797 1348 3878 aptum

335 3917 389 3978 est.
436 3912 483 3975 De
505 3911 676 3996 quantitate
701 3912 786 3977 vocis
809 3911 875 3993 ὄφις
898 3917 979 3976 reete
1002 3911 1130 3976 collatos
1152 3916 1198 3976 est
1216 3935 1258 3976 vs.
1272 3917 1347 3976 928.

337 4029 521 4094 Klausenius
546 4035 633 4095 acute
656 4030 794 4114 quidem,
824 4051 880 4094 neo
907 4035 1025 4108 tamen,
1056 4034 1091 4094 ut
1113 4031 1250 4108 videtur,
1272 4032 1348 4095 satis

335 4148 494 4214 commode
516 4149 630 4213 edidit:

491 4264 574 4350 οὕφις
597 4265 644 4332 ἐπ’
666 4268 734 4344 οἶμοι
757 4264 905 4347 σπάργαν’
928 4265 970 4342 ἠδ’
992 4264 1058 4331 ὅπλ’
1082 4265 1166 4347 ῖζετο.
