2972 4974
323 507 386 568 140
729 521 928 569 arvorumo.

321 706 457 784 videtur,
480 705 532 770 sed
552 705 590 770 ud
610 709 690 772 591:
710 727 779 769 num
799 706 897 781 πτηνά
913 705 963 771 καὶ
979 707 1088 788 ἑρπετά
1108 712 1154 772 est
1166 707 1332 795 explicatio

322 823 535 890 vocabulorum
556 823 654 900 πτηνά
671 849 706 890 πε
724 822 773 888 καὶ
794 823 1000 904 πεδοβάμοιατ
1018 825 1072 890 illa
1084 825 1334 891 voeabulasoho-

321 943 410 1009 liasta
431 943 475 1010 ita
496 943 658 1029 conjunxit
677 965 746 1009 cum
769 944 906 1030 proxime
923 945 1187 1022 antecedentibus,
1208 951 1243 1009 ut
1258 967 1335 1032 peu-
1435 1002 1438 1008 .

322 1063 427 1128 darent
445 1086 462 1126 5
479 1063 570 1128 verbo
589 1062 772 1140 βλαστοῦσι,
791 1061 874 1147 quod
892 1061 1026 1150 explicat
1041 1085 1093 1150 per
1108 1063 1216 1129 σι’κπειι
1233 1064 1334 1128 nomi·

321 1184 442 1248 nativus
468 1183 521 1262 άίρρ
552 1181 833 1268 interpretationem
864 1183 1003 1248 continet
1034 1182 1175 1248 vocabuli
1204 1182 1334 1262 πεδαίχ-

321 1323 388 1380 μιοι.

367 1422 441 1484 586.
487 1417 547 1483 καὶ.
591 1416 800 1503 Aplerisque
830 1417 948 1484 deletur
979 1419 1068 1484 metri
1093 1442 1198 1498 causa,
1220 1423 1257 1483 ut
1280 1417 1334 1483 hie

323 1559 426 1603 versus
448 1543 479 1602 et
503 1540 567 1602 595
591 1538 672 1602 inter
695 1559 727 1601 se
751 1538 944 1602 conveniant.

367 1660 439 1722 587.
484 1657 629 1734 άγκάλαι.
664 1655 747 1720 Ιιοο5
766 1677 898 1720 concava
915 1659 945 1720 et
962 1657 1094 1720 sinuosa.
1129 1657 1334 1721 555558555-

322 1775 397 1862 lejus
420 1775 526 1862 Eurip.
550 1775 603 1840 Or.
629 1777 722 1840 1363.

367 1898 440 1959 589.
484 1893 659 1971 βλαστοῦσι.
704 1893 863 1958 Immerito
883 1893 920 1958 ab
937 1893 1114 1958 Hermanno
1126 1892 1257 1958 deletum
1268 1898 1336 1958 est:

322 2012 411 2099 plura
433 2017 578 2077 mutante.
626 2013 693 2076 Nec
718 2011 794 2076 bene
816 2035 833 2075 5
854 2011 1037 2077 Blomfieldo
1060 2013 1229 2077 secundum
1252 2012 1336 2076 But-

321 2130 415 2196 lerum
439 2134 590 2195 mutatum
612 2131 646 2193 in
665 2128 844 2208 βλάπτουσι.
879 2131 980 2196 Etiam
1002 2132 1164 2196 manifesto
1184 2132 1218 2195 iu
1238 2129 1332 2195 seho-

325 2248 366 2314 lio
396 2250 522 2336 agnosci
550 2249 738 2314 ostendimus
768 2248 807 2312 ad
834 2254 906 2314 585.
952 2249 1019 2313 Imo
1042 2249 1080 2313 ad
1103 2249 1183 2313 idem
1207 2248 1335 2314 verbum

323 2367 472 2454 pertinere
503 2372 534 2431 et
564 2366 754 2430 incommode
777 2367 814 2432 ad
837 2363 977 2432 πλάάοοσι
998 2367 1131 2452 positum
1155 2389 1219 2432 esse
1242 2366 1335 2431 credo

322 2486 459 2552 scholion
483 2491 602 2564 γεννῶσι
625 2485 674 2550 καὶ
698 2484 826 2562 αὔξουσι.
859 2485 974 2552 Verum
997 2485 1171 2551 habendum
1193 2490 1239 2550 est
1259 2508 1335 2550 oon-

322 2611 369 2670 tra
391 2605 573 2670 scholiastae
595 2606 779 2670 sententiam
804 2605 926 2670 verbum
951 2604 980 2670 h.
1004 2604 1024 2670 l.
1045 2605 1288 2670 intransitivum.

367 2728 441 2790 590.
485 2724 623 2806 πεδάοροι.
666 2724 754 2790 Libri
774 2724 951 2805 πεδάμαροι,
974 2745 1028 2810 pro
1048 2723 1221 2805 πεδάμεροι,
1239 2723 1335 2808 idque

322 2846 356 2910 in
378 2843 495 2910 scholio
518 2843 688 2930 explicatur
709 2843 910 2924 καθημεριιαίι
935 2865 1040 2907 verum
1059 2842 1153 2907 altera
1173 2844 1335 2906 annotatio

322 2987 415 3049 quum
439 2969 518 3028 esset
540 2959 620 3042 οἶμαι
643 2963 784 3045 πέδουροι,
808 2960 841 3027 i'v'
864 2960 881 3044 ᾖ
904 2962 939 3027 πὸ
958 2961 1166 3040 σημαινόμενα
1177 2963 1333 3042 μετέωροι,

321 3105 475 3169 quumque
521 3081 696 3168 Hesychius
738 3081 863 3146 haberet
896 3081 1027 3162 πέδοορος
1061 3079 1217 3161 μετέωρος,
1250 3085 1336 3146 recte

323 3201 477 3287 Staulejus
500 3202 632 3285 conjecit
655 3200 792 3281 πεδάοροι.
839 3199 1062 3286 significantur
1083 3203 1183 3263 autem
1206 3197 1337 3276 λαμπά-

323 3321 369 3394 δες
392 3320 520 3401 πεδάοροι
545 3319 682 3384 fulmina.
712 3389 715 3395 ,

369 3445 441 3504 599.
489 3438 678 3504 Klausenius
713 3439 809 3502 edidit
844 3437 1023 3516 πεδοβάμοι’
1057 3439 1111 3502 άπ’
1140 3437 1335 3514 άιεροοέιποον,

324 3557 497 3642 conjectura
530 3579 592 3622 uon
624 3557 741 3621 idonea.
787 3555 989 3622 Masculinam
1024 3556 1151 3620 formam
1184 3554 1336 3620 vocabulo

324 3676 440 3755 αἰγιδοιι
463 3676 637 3761 adjunctum
660 3698 721 3740 uon
746 3680 914 3762 suspectam
940 3697 1003 3740 esse
1023 3674 1100 3738 dicit
1123 3673 1336 3738 Hermauuus:

324 3796 431 3861 vellem
463 3817 582 3859 oausam
614 3794 789 3859 addidisset.
835 3796 868 3858 Si
891 3798 1057 3870 mutarem,
1080 3813 1218 3876 sequerer
1237 3793 1336 3878 potis·

324 3916 434 3979 simum
454 3913 629 3979 Blomfieldi
650 3913 869 3997 conjecturam:
889 3912 1056 3992 κάιεμόειπ’
1074 3910 1111 3976 διν
1130 3949 1173 3960 -
1193 3909 1335 3994 φράσαις.

325 4033 436 4115 Φράσαι
460 4032 636 4120 agnoscitur
661 4055 677 4095 5
700 4031 877 4109 scholiasta,
900 4054 954 4117 pro
978 4031 1155 4117 imperativo
1177 4027 1333 4093 habitum:

324 4154 376 4218 sed
400 4158 447 4217 est
472 4153 636 4239 optativus.

370 4275 442 4336 593.
486 4270 610 4353 φράσαι.
657 4271 833 4356 Respondet
865 4270 909 4333 itu
944 4270 1081 4352 sequenti
1114 4266 1205 4331 verbo
1236 4267 1333 4342 λέγοι,
