2972 4974
352 502 415 564 102
751 515 954 563 nnnornrro.

397 705 471 768 305.
516 699 635 768 sicerae.
684 699 877 766 Hermrnnus
901 699 978 764 dicit
1000 719 1064 764 esse
1087 697 1222 786 paosirac
1243 697 1369 784 signifi·

352 821 500 887 cationis:
519 820 602 906 quod
625 841 686 884 non
712 819 819 893 credo,
839 817 892 884 sed
911 816 1044 906 intelligi
1064 815 1266 904 Aegisthum:
1283 817 1370 882 idem

352 939 487 1018 dubitat,
521 963 559 1004 an
592 940 634 1004 sit
673 938 867 1004 scribendum
904 935 1030 1015 εἵσομαι.
1075 935 1264 1003 Abreschius
1299 935 1370 1001 vult

351 1057 459 1138 alceus,
481 1065 516 1124 ut
539 1059 663 1124 Orestes
686 1055 820 1122 (thorum
846 1055 1026 1142 alloquatur.

399 1180 472 1242 305.
518 1175 727 1264 Respiciamus
750 1174 808 1240 hoc
830 1174 899 1239 loco
916 1175 1082 1239 orationem
1102 1175 1236 1239 Orestae.
1260 1174 1299 1238 In
1315 1194 1372 1238 ex-

353 1295 440 1362 ordio
461 1293 579 1361 fabulae
602 1293 749 1360 continuo
772 1298 872 1358 totum
889 1293 1076 1381 propositum
1093 1293 1237 1380 exponit,
1253 1314 1286 1358 se
1302 1293 1372 1358 fore

352 1415 447 1502 patris
469 1413 569 1478 necati
593 1412 730 1478 ultorem.
779 1411 938 1484 Quantum
959 1415 1058 1476 autem
1079 1411 1174 1498 patris
1194 1411 1373 1476 ulciscendi

351 1535 487 1598 officium
515 1534 543 1596 ci
569 1529 664 1596 videri
688 1529 839 1607 debuerit,
860 1532 1036 1594 monuimus
1059 1529 1096 1594 ad
1121 1533 1179 1596 18:
1202 1551 1311 1595 verum
1336 1550 1372 1594 ea

350 1650 430 1718 ultio
454 1655 518 1716 erat
540 1652 710 1716 necessario
733 1670 801 1714 cum
827 1649 966 1714 vindicta
988 1649 1053 1727 rui,
1076 1650 1206 1727 sororia,
1229 1649 1373 1736 patriae,

352 1771 524 1855 conjuncta.
570 1770 678 1854 Itaque
707 1789 791 1845 mox,
819 1773 981 1854 postquam
1003 1742 1156 1834 llleclram
1181 1767 1370 1855 appellavit,

352 1909 422 1954 cum
452 1885 505 1952 illa
534 1889 619 1972 qnasi
650 1885 801 1952 submisso
831 1887 932 1950 animo
955 1891 986 1950 et
1009 1885 1146 1974 supplice
1169 1887 1276 1951 lovem
1298 1909 1372 1974 pre-

353 2013 451 2085 tatur,
483 2011 518 2071 ut
549 2006 630 2071 orbis
661 2006 705 2092 pii
735 2007 831 2092 patris
862 2003 966 2069 liberis
994 2004 1160 2071 auxilietur
1183 2005 1373 2091 domumque

355 2128 513 2192 restituat:
534 2127 718 2190 ane-263.
764 2120 873 2190 Postea
899 2124 1009 2189 fortior
1034 2125 1099 2208 ejus
1122 2125 1219 2189 oratio
1242 2126 1372 2190 exsistit

355 2252 385 2311 et
407 2245 559 2310 audacior.
592 2243 716 2330 Quippe
739 2243 858 2309 Chorus
881 2243 1038 2310 silentium
1055 2250 1086 2308 et
1105 2245 1278 2309 cautionem
1297 2267 1372 2310 sua-

355 2365 421 2443 det,
450 2364 579 2448 nequis
603 2363 730 2428 consilia
754 2363 819 2447 ejus
843 2361 880 2426 ad
904 2361 1043 2427 dominos
1067 2363 1210 2449 perferat:
1233 2385 1294 2446 qua
1313 2363 1369 2429 ille

354 2505 428 2549 voce
451 2482 627 2549 stimulatur
650 2482 866 2568 potiusquam
890 2478 1063 2557 cohibetur,
1084 2482 1226 2546 conscios
1241 2483 1369 2547 consilii

353 2604 400 2668 sni
432 2607 462 2666 et
489 2599 658 2666 certissimo
684 2601 742 2664 Dei
770 2600 897 2686 imperio
927 2598 1024 2664 fretus
1054 2599 1247 2685 auxilioque,
1280 2622 1370 2666 suam

357 2743 426 2788 vero
453 2725 564 2787 sortem
593 2715 772 2806 indignatur
795 2723 826 2782 et
847 2719 1057 2784 interfectores
1079 2718 1149 2784 illos
1172 2725 1203 2784 et
1225 2719 1372 2785 dominos

357 2846 560 2906 contemnens.
606 2839 730 2910 Quanta
753 2837 853 2902 divini
876 2837 985 2902 auxilii
1005 2839 1157 2904 veneratio
1175 2837 1208 2902 in
1225 2838 1372 2924 precibus

355 2959 510 3046 apparuit,
539 2961 625 3022 tanta
651 2955 715 3041 jam
746 2954 897 3033 hostium,
926 2978 1003 3040 qnos
1033 2955 1155 3041 quidem
1177 2955 1372 3024 vehementer

356 3078 421 3143 odit
452 3077 571 3142 (thorus
600 3081 754 3141 ettamen
778 3075 999 3160 quodammodo
1023 3076 1123 3154 timet,
1144 3077 1312 3141 contemtio
1335 3078 1371 3144 iu

355 3198 463 3262 Oreste
484 3201 538 3260 est.
585 3194 655 3260 Hoc
679 3199 725 3259 est
744 3192 823 3258 illud
844 3193 982 3260 Horatii:
1006 3195 1064 3260 Dis
1079 3199 1110 3260 te
1126 3197 1271 3260 minorem
1284 3198 1372 3281 qnod

354 3317 435 3403 geris
462 3317 597 3402 imperas.
644 3315 716 3401 Ipsa
752 3335 819 3379 vero
853 3313 956 3401 inopia
986 3319 1017 3380 et
1045 3314 1195 3380 bonorum
1222 3315 1371 3402 spoliatio

354 3435 399 3499 ita
428 3455 495 3498 curn
528 3432 567 3498 ad
597 3432 764 3497 vindictam
794 3432 1008 3519 impellit‚‘nt
1033 3431 1113 3497 nihil
1135 3434 1170 3497 in
1186 3455 1223 3498 co
1245 3435 1289 3498 sit
1314 3441 1372 3502 ant

355 3575 417 3618 non
449 3552 573 3639 dignum
603 3553 776 3638 proposito,
802 3557 856 3615 aut
880 3551 1013 3617 Deorum
1038 3552 1153 3618 auxilio
1173 3575 1234 3617 non
1255 3574 1370 3620 conve-

355 3673 456 3747 niens,
480 3677 532 3736 aut
554 3671 649 3758 patris
671 3671 774 3735 amissi
798 3671 917 3737 luctum
941 3670 1116 3737 obscurans.
1151 3671 1236 3744 Quid
1259 3672 1368 3742 enim?

355 3791 424 3855 Jam
453 3791 550 3877 primo
578 3791 710 3854 carmine
733 3787 853 3855 Chorus
880 3790 1000 3854 domum
1023 3789 1165 3855 afflictam
1189 3798 1219 3856 et
1241 3791 1369 3877 pristini

356 3906 524 3996 rplendoris
555 3907 640 3973 flevit
671 3907 847 3972 interitum:
875 3909 939 3993 jam
968 3908 1091 3973 Electra
1120 3908 1218 3974 libans
1241 3911 1370 3977 inferias

351 4046 438 4093 'snam
462 4027 637 4092 servitutem
660 4031 690 4092 et
713 4026 838 4092 Orestae
860 4028 994 4114 inopiam
1018 4034 1050 4092 et
1069 4027 1211 4093 exsilium
1227 4028 1367 4116 deplora·

355 4146 417 4223 vit,
439 4147 471 4210 in
496 4144 584 4210 bonis
601 4145 686 4210 illins
706 4143 855 4210 luxuriari
875 4147 1085 4212 interfectores
1104 4147 1232 4234 indigne
1250 4149 1367 4214 ferens:

355 4265 380 4328 si
410 4266 607 4341 maleficium,
637 4263 720 4348 quod
753 4265 971 4331 vindicandum
1000 4270 1079 4345 erat,
1112 4267 1274 4354 respicias,
1304 4269 1367 4335 luit
