2974 4982
559 529 757 576 surocham.
1118 517 1159 579 87

199 714 274 776 130.
318 712 439 794 βροτοῖς.
485 712 537 776 Sic
568 712 727 792 inlibris,
757 713 909 800 amcfipto
940 715 973 779 iu
1005 713 1163 779 nonnullis

141 853 198 910 γρ.
224 838 336 910 νεκροῖς.
383 831 589 896 Emendarunt
618 833 677 897 viri
709 833 792 898 docti
814 834 934 917 φθιτοῖς.
981 833 1067 905 Quae
1091 855 1164 898 ecn-

137 949 271 1034 jectura
293 952 417 1016 minime
437 951 557 1036 quidem
579 951 707 1017 absurda
730 959 792 1030 est,
816 958 971 1018 ettamen
994 951 1101 1018 dubito
1124 975 1163 1017 au

141 1071 322 1134 necessaria
343 1071 392 1134 sit.
437 1070 550 1136 Eadem
582 1071 704 1155 quidem
735 1072 853 1136 ratione
883 1073 963 1159 apud
986 1071 1162 1158 Euripidem

142 1188 244 1263 θνητοὶ
267 1189 413 1254 dicuntur
436 1188 565 1262 mortui,
590 1189 679 1253 Herc.
703 1189 760 1254 fur.
784 1193 867 1254 484:

375 1304 466 1379 εἴτις
488 1305 620 1391 <aalma
643 1307 842 1374 εἰσηκοθοετοιο

375 1426 478 1501 θνητῶν
501 1424 569 1508 παρ’
590 1423 689 1509 “Ardye

143 1541 206 1607 ubi
229 1544 342 1628 pariter
365 1565 419 1631 pro
442 1545 545 1618 θνητῶν
568 1544 762 1610 scribendum
786 1551 933 1632 putarunt
956 1546 1074 1629 Φθοτῶν.
1120 1544 1162 1610 Et

143 1665 254 1726 tamen
277 1661 395 1726 Chorus
417 1663 450 1727 in
473 1664 574 1728 Parsis
598 1663 635 1728 de
659 1663 754 1730 Dario
773 1665 834 1748 jam
864 1670 983 1730 mortuo
1006 1666 1091 1729 etin
1114 1665 1163 1729 in-

143 1780 225 1846 feris
249 1777 418 1845 habitante:

375 1897 459 1978 μθνος
481 1897 518 1965 ῶν
539 1899 643 1976 θνητῶν
667 1899 756 1982 τέμοις
779 1897 859 1965 εἴποι.

143 2018 183 2082 Si
199 2017 297 2104 igitur
316 2021 428 2083 mortui
448 2019 637 2106 appellantur
656 2019 764 2096 θνητοὶ,
784 2041 838 2084 cur
856 2043 919 2084 uon
937 2021 1026 2086 etiam
1039 2021 1157 2102 βροτοθθ

200 2138 272 2200 132.
316 2135 471 2216 θνοθξομον.
496 2137 667 2202 Scholiasta
678 2138 909 2218 βασιλεύσομεν,
933 2139 1025 2224 idque
1036 2161 1146 2224 sequor

147 2255 191 2318 cf.
216 2257 278 2319 237
303 2254 374 2333 δῶμ’
396 2257 553 2331 οθνοοκτήοεο
583 2255 701 2336 τοοτρθς.
749 2256 927 2322 Dindorfius
957 2258 1074 2323 mavult
1097 2281 1162 2324 esse

147 2395 167 2436 a
192 2370 282 2435 verbo
304 2371 434 2450 ῶνοθνεον.
470 2375 583 2438 Tamen
606 2397 700 2459 quum
717 2374 841 2441 Electra
865 2376 1005 2462 deinceps
1025 2381 1055 2441 et
1076 2399 1160 2441 auam

148 2495 263 2556 sortem
295 2492 432 2556 servilem
463 2497 493 2556 et
517 2493 642 2558 Orestae
672 2495 773 2580 fugam
799 2494 932 2581 deploret
959 2501 989 2560 et
1011 2496 1162 2582 inopiam,

149 2631 322 2696 congruum
352 2616 414 2688 est,
442 2611 526 2676 illam
557 2616 675 2696 optare,
705 2618 741 2677 ut
772 2614 930 2699 imperium
964 2612 1071 2677 domus
1103 2614 1161 2678 sibi

148 2704 299 2813 fratrique
319 2730 508 2794 restituatur.
552 2729 751 2795 Blcmfieldns
782 2733 879 2796 suasit
909 2756 968 2804 τως
992 2729 1097 2809 ἄνοιξον
1120 2735 1159 2805 εἰς

149 2846 262 2925 δθμονς.

199 2968 271 3030 133.
317 2965 501 3047 τετρημένον.
546 2966 633 3032 Libri
658 2967 876 3049 τετροοημένοο,
906 2968 1070 3034 scholiasta
1091 2994 1160 3036 νενο-

150 3084 284 3164 κημένοο,
307 3085 563 3164 κατηγωνισμένον.
611 3087 739 3152 Confert
762 3087 915 3171 Stanlejus
938 3088 1020 3153 Pers.
1043 3092 1104 3154 517

206 3282 208 3286 Ι
285 3203 309 3269 ol
332 3206 384 3282 ’νὼ
407 3203 537 3271 adtacta
559 3204 816 3288 διαπεπραγμένον
838 3213 973 3287 οτροοτοῶ.

151 3323 264 3388 Tamen
283 3323 398 3408 reliqua
418 3325 513 3388 oratic
533 3324 562 3388 h.
574 3323 593 3388 l.
615 3326 817 3390 emendationi
832 3326 926 3404 favet,
948 3347 1040 3410 quum
1060 3327 1157 3412 ipsum

151 3442 324 3508 adverbium
345 3467 424 3519 τος,
444 3444 582 3510 additum
603 3444 692 3511 verbo
707 3445 860 3524 θλθμεθοο,
881 3445 1009 3509 maxime
1024 3445 1157 3511 venditis

151 3563 361 3638 convenienti,
380 3563 509 3650 figurato
528 3565 656 3628 sermoni
678 3565 719 3629 sit
738 3547 1002 3630 accommodatum.
1026 3564 1072 3629 of.
1085 3567 1157 3629 915.

197 3684 269 3746 137.
314 3682 444 3764 Φεθνων.
489 3682 576 3749 Libri
599 3683 733 3767 Φεθνενν.

198 3804 269 3865 138.
314 3801 408 3878 μένον.
442 3801 531 3867 Libri
554 3801 650 3880 μθτοο,
673 3825 752 3868 unus
775 3827 865 3882 μετοο.
902 3802 1089 3868 Klausenius
1111 3824 1158 3867 re-

151 3919 232 3984 tinet
262 3919 358 3999 μέτοο,
388 3920 559 4006 explicans:
590 3919 748 3988 luxuriant
778 3926 897 4008 postea,
919 3926 1077 4009 postquam
1100 3921 1159 3986 tihi

151 4059 186 4101 ea
207 4038 392 4125 eripuerunt.

198 4162 268 4224 144.
314 4182 372 4223 σου.
417 4158 571 4224 Nonnulli
593 4159 711 4224 malunt
733 4162 761 4224 τ’
779 4155 809 4226 ὦ.
841 4159 1026 4226 Scholiasta:
1049 4166 1107 4233 τοῖς
1130 4160 1159 4224 a

151 4277 259 4358 ἐχθροῖς
290 4301 340 4344 σου
363 4277 442 4354 λέγω
465 4302 499 4342 οε
521 4284 649 4362 φοονῆνοιο
672 4279 802 4361 τομοηθν.
849 4279 939 4346 Unde
968 4284 1067 4344 tamen
1098 4301 1159 4344 non
