2956 4974
326 475 368 534 46
617 487 882 535 ruraannnrauro
911 490 1045 534 narina.

325 671 375 737 hic
400 673 561 738 comitatus
579 673 697 738 incedit
711 672 872 738 mulierum
891 671 990 758 nigris
1009 673 1192 760 conspicuus
1211 671 1338 760 palliis?

325 791 385 856 Oui
412 813 480 856 eum
511 789 590 856 cladi
618 791 816 878 comparabo?
863 790 977 856 Utrum
1005 792 1109 857 domui
1142 813 1222 858 nova
1258 791 1340 856 cala-

325 911 414 974 mitas
449 909 583 975 accidit?
619 932 657 974 an
690 911 768 996 patri
804 909 872 974 illas
904 931 969 974 meo
997 915 1079 975 recte
1101 910 1259 995 conjecero
1285 909 1340 973 has

324 1027 485 1093 libationes
508 1029 599 1106 ferre,
622 1027 818 1094 delinimenta
840 1027 966 1094 inseris?
1012 1027 1070 1093 Est
1096 1051 1167 1093 sane
1189 1028 1245 1093 ita:
1266 1050 1342 1092 nam

325 1148 414 1211 etiam
439 1147 591 1212 Electram
616 1146 704 1213 credo
727 1146 864 1212 incedere
881 1167 1011 1212 sororem
1033 1169 1127 1212 meam
1145 1147 1229 1212 tristi
1247 1145 1341 1211 luctu

325 1265 529 1352 conspicuam.
570 1265 598 1330 0
621 1266 759 1353 Jupiter,
782 1265 819 1329 da
842 1264 916 1330 mihi
941 1265 1049 1331 ulcisci
1072 1270 1199 1330 mortem
1222 1265 1341 1352 patris,

270 1390 355 1451 acet
382 1385 424 1450 sis
455 1385 576 1471 adjutor
602 1383 677 1450 mihi
701 1383 873 1450 benevolus.
918 1383 1047 1470 Pylade,
1072 1385 1278 1450 consistamus
1303 1383 1341 1447 de

324 1505 389 1582 via,
417 1510 453 1569 ut
480 1503 639 1591 perspicue
661 1505 857 1591 comperiam,
880 1525 957 1590 quae
980 1503 1053 1569 baec
1076 1504 1240 1569 mulierum
1264 1525 1340 1590 sup-

323 1623 450 1710 plicatio
472 1623 521 1688 sit.

443 1859 617 1937 bonores,
639 1859 793 1926 Caunus:
817 1860 968 1931 Oaasras
995 1881 1035 1926 nn
1058 1859 1214 1926 Pruanns

760 2000 897 2044 raoouu.

370 2215 439 2279 Cdo.
486 2214 583 2279 Missa
609 2216 699 2281 domo
730 2218 808 2290 exii,
839 2215 1015 2280 libationem
1047 2237 1231 2302 prosequens
1264 2237 1336 2280 cum
1460 2301 1461 2310 ἵ

321 2335 383 2399 acri
406 2333 550 2421 plangore
573 2357 724 2412 munuum.
770 2335 943 2420 Conspicua
963 2355 1041 2421 gena
1061 2338 1107 2399 est
1126 2332 1242 2398 laniatu
1264 2356 1336 2398 san-

322 2454 451 2542 guineo,
474 2454 622 2540 unguium
646 2453 731 2517 sulco
754 2475 858 2517 recens
882 2458 980 2517 secto:
1004 2475 1056 2540 per
1079 2475 1183 2518 aevum
1207 2453 1335 2518 fletibus

322 2578 426 2661 pactus
449 2574 592 2661 pascitur.
625 2573 778 2659 Corrupto
795 2572 861 2637 lino
879 2571 1034 2637 textilium
1050 2569 1178 2636 laciniae
1190 2595 1336 2660 crepuere

267 2705 309 2768 30
322 2698 442 2781 propter
471 2692 606 2772 dolores,
627 2697 783 2777 pectorum
807 2697 983 2778 tegumenta
1006 2691 1112 2779 pallia,
1134 2713 1227 2776 quum
1252 2693 1335 2757 ictae

321 2812 415 2876 simus
454 2809 678 2875 calamitatibus
712 2811 774 2875 risu
811 2810 991 2875 carentibus.
1037 2810 1117 2874 Nam
1152 2810 1334 2875 manifestus

320 2929 432 3016 Apollo
459 2930 566 2994 erectis
591 2929 686 2993 comis
710 2930 827 2993 somnia
850 2929 954 2993 domui
977 2930 1106 3008 cecinit,
1130 2934 1161 2994 et
1183 2951 1199 2993 e
1223 2951 1333 2994 somno

320 3049 436 3134 spirans
463 3047 567 3114 odium
593 3049 774 3134 intempesta
794 3053 885 3112 nocte
908 3048 1067 3113 clamorem
1091 3047 1188 3112 edidit
1214 3071 1252 3114 ex
1278 3072 1333 3113 an-

319 3166 393 3253 gulo
415 3171 537 3252 propter
559 3166 767 3258 formidinem,
789 3168 823 3232 in
858 3166 980 3232 domum
1015 3165 1193 3232 muliebrem
1227 3167 1332 3254 gravis

264 3301 269 3312 '
319 3284 437 3350 cadens.
483 3285 524 3349 Et
546 3285 726 3372 interpretes
749 3283 856 3350 horum
881 3285 1068 3350 somniorum
1091 3284 1150 3350 fide
1169 3285 1240 3350 data
1262 3307 1331 3350 coe-

318 3402 393 3468 litus
416 3404 574 3470 vociferati
598 3411 686 3484 sunt,
710 3405 794 3488 queri
818 3425 869 3470 eos
891 3405 946 3490 qui
968 3403 1025 3468 snb
1047 3407 1126 3468 terra
1146 3410 1219 3470 sunt
1238 3405 1331 3472 vehe-

263 3540 304 3600 40
317 3527 433 3588 menter
463 3527 494 3588 et
522 3522 710 3590 occisoribus
736 3523 835 3588 irasci.
882 3522 986 3588 Talem
1009 3523 1159 3608 ingratam
1182 3545 1330 3608 quaerens

317 3642 462 3728 gratiam,
485 3663 679 3708 averruuoam
698 3639 861 3720 malorum,
881 3662 899 3705 o
919 3641 1012 3706 Terra
1032 3640 1141 3706 Terra!
1163 3662 1210 3704 ma
1228 3641 1330 3708 mittit

317 3760 426 3826 mulier
448 3760 549 3847 impia
595 3760 703 3826 Metuo
726 3757 805 3824 hauc
828 3781 932 3825 vocem
954 3759 1101 3824 emittere.
1146 3760 1228 3825 Nam
1251 3781 1329 3845 quae

317 3880 463 3946 redemtio
498 3884 544 3944 est
576 3880 735 3966 sanguinis
768 3879 822 3963 qni
852 3875 938 3944 humi
968 3878 1104 3944 cecidit?
1153 3877 1214 3944 Hei
1236 3878 1328 3966 plena

263 4009 304 4070 50
318 3998 424 4064 domus
448 3998 599 4064 miseriae:
619 3997 670 4064 hei
691 3998 836 4065 interitus
857 3996 1073 4082 aedium:sole
1093 4019 1209 4077 careus,
1227 3999 1327 4064 invisa

316 4115 496 4184 mortalibus
516 4116 615 4203 caligo
633 4118 712 4203 tegit
731 4116 818 4182 aedes
830 4119 927 4180 morte
939 4115 1139 4183 dominorum.
1164 4116 1338 4202 Maiestas,¹

277 4275 280 4282 .
317 4236 368 4302 cui
393 4234 516 4314 obsisti,
546 4257 623 4320 quae
650 4235 781 4312 domari,
809 4234 954 4300 adversus
983 4256 1084 4318 quam·
1101 4237 1229 4323 pugnari
1263 4258 1325 4302 non
