<?xml version="1.0" encoding="UTF-8"?>
<!DOCTYPE html PUBLIC "-//W3C//DTD XHTML 1.0 Transitional//EN"
    "http://www.w3.org/TR/xhtml1/DTD/xhtml1-transitional.dtd">
<html xmlns="http://www.w3.org/1999/xhtml" xml:lang="en" lang="en">
 <head>
  <title>
</title>
<meta http-equiv="Content-Type" content="text/html;charset=utf-8" />
  <meta name='ocr-system' content='tesseract 3.04.00' />
  <meta name='ocr-capabilities' content='ocr_page ocr_carea ocr_par ocr_line ocrx_word'/>
</head>
<body>
  <div class='ocr_page' id='page_1' title='image "aeschylichoepho00jonggoog_0072.png"; bbox 0 0 2956 4974; ppageno 0'>
   <div class='ocr_carea' id='block_1_1' title="bbox 298 446 1014 508">
    <p class='ocr_par' dir='ltr' id='par_1_1' title="bbox 298 446 1014 508">
     <span class='ocr_line' id='line_1_1' title="bbox 298 446 1014 508; baseline -0.006 0"><span class='ocrx_word' id='word_1_1' title='bbox 298 446 340 508; x_wconf 84' lang='lat'>60</span> <span class='ocrx_word' id='word_1_2' title='bbox 587 460 854 508; x_wconf 82' lang='lat' dir='ltr'>rurrrraruarro</span> <span class='ocrx_word' id='word_1_3' title='bbox 882 460 1014 506; x_wconf 74' lang='lat' dir='ltr'>inuras.</span> 
     </span>
    </p>
   </div>
   <div class='ocr_carea' id='block_1_2' title="bbox 219 641 1307 4054">
    <p class='ocr_par' dir='ltr' id='par_1_2' title="bbox 219 641 1307 4054">
     <span class='ocr_line' id='line_1_2' title="bbox 296 641 1303 729; baseline -0.003 -18"><span class='ocrx_word' id='word_1_4' title='bbox 296 645 355 711; x_wconf 90' lang='lat' dir='ltr'>rit:</span> <span class='ocrx_word' id='word_1_5' title='bbox 385 665 489 710; x_wconf 86' lang='lat' dir='ltr'>verum</span> <span class='ocrx_word' id='word_1_6' title='bbox 519 645 689 710; x_wconf 84' lang='lat' dir='ltr'>effrenatam</span> <span class='ocrx_word' id='word_1_7' title='bbox 721 641 853 708; x_wconf 89' lang='lat' dir='ltr'>hominis</span> <span class='ocrx_word' id='word_1_8' title='bbox 877 641 1050 722; x_wconf 77' lang='lat' dir='ltr'><strong>audaciam,</strong></span> <span class='ocrx_word' id='word_1_9' title='bbox 1080 641 1303 729; x_wconf 82' lang='lat' dir='ltr'>mulierumque</span> 
     </span>
     <span class='ocr_line' id='line_1_3' title="bbox 295 761 1304 850; baseline 0 -22"><span class='ocrx_word' id='word_1_10' title='bbox 295 765 411 850; x_wconf 89' lang='lat' dir='ltr'>impetu</span> <span class='ocrx_word' id='word_1_11' title='bbox 433 763 604 839; x_wconf 88' lang='lat' dir='ltr'>ruentium,</span> <span class='ocrx_word' id='word_1_12' title='bbox 635 767 665 828; x_wconf 91' lang='lat' dir='ltr'>et</span> <span class='ocrx_word' id='word_1_13' title='bbox 695 763 818 848; x_wconf 90' lang='lat' dir='ltr'>quidvis</span> <span class='ocrx_word' id='word_1_14' title='bbox 842 762 985 828; x_wconf 89' lang='lat' dir='ltr'>audentes</span> <span class='ocrx_word' id='word_1_15' title='bbox 1009 761 1165 828; x_wconf 90' lang='lat' dir='ltr'>hominum</span> <span class='ocrx_word' id='word_1_16' title='bbox 1191 784 1304 828; x_wconf 89' lang='lat' dir='ltr'>amores</span> 
     </span>
     <span class='ocr_line' id='line_1_4' title="bbox 297 880 1305 966; baseline 0.001 -21"><span class='ocrx_word' id='word_1_17' title='bbox 297 881 433 946; x_wconf 81' lang='lat' dir='ltr'>cladibus</span> <span class='ocrx_word' id='word_1_18' title='bbox 459 883 639 960; x_wconf 78' lang='lat' dir='ltr'>comitatos,</span> <span class='ocrx_word' id='word_1_19' title='bbox 662 882 913 966; x_wconf 87' lang='lat' dir='ltr'>consociatosque</span> <span class='ocrx_word' id='word_1_20' title='bbox 936 880 1119 946; x_wconf 77' lang='lat' dir='ltr'>concubitus</span> <span class='ocrx_word' id='word_1_21' title='bbox 1142 883 1213 966; x_wconf 86' lang='lat' dir='ltr'>quis</span> <span class='ocrx_word' id='word_1_22' title='bbox 1236 904 1305 946; x_wconf 91' lang='lat' dir='ltr'>nar-</span> 
     </span>
     <span class='ocr_line' id='line_1_5' title="bbox 219 997 1305 1086; baseline 0.004 -26"><span class='ocrx_word' id='word_1_23' title='bbox 219 999 427 1066; x_wconf 79' lang='lat' dir='ltr'>adoraverit?</span> <span class='ocrx_word' id='word_1_24' title='bbox 473 1000 629 1086; x_wconf 88' lang='lat' dir='ltr'>Imperaus</span> <span class='ocrx_word' id='word_1_25' title='bbox 654 997 829 1064; x_wconf 88' lang='lat' dir='ltr'>mulieribus</span> <span class='ocrx_word' id='word_1_26' title='bbox 853 1021 936 1064; x_wconf 88' lang='lat' dir='ltr'>amor</span> <span class='ocrx_word' id='word_1_27' title='bbox 954 997 1126 1065; x_wconf 81' lang='lat' dir='ltr'>inamabilis</span> <span class='ocrx_word' id='word_1_28' title='bbox 1146 999 1179 1064; x_wconf 90' lang='lat' dir='ltr'>iu</span> <span class='ocrx_word' id='word_1_29' title='bbox 1199 1000 1305 1066; x_wconf 88' lang='lat' dir='ltr'>bestiis</span> 
     </span>
     <span class='ocr_line' id='line_1_6' title="bbox 295 1117 1305 1204; baseline -0.001 -20"><span class='ocrx_word' id='word_1_30' title='bbox 295 1123 326 1184; x_wconf 88' lang='lat' dir='ltr'>et</span> <span class='ocrx_word' id='word_1_31' title='bbox 355 1117 530 1184; x_wconf 88' lang='lat' dir='ltr'>hominibus</span> <span class='ocrx_word' id='word_1_32' title='bbox 560 1118 675 1202; x_wconf 88' lang='lat' dir='ltr'>reliqua</span> <span class='ocrx_word' id='word_1_33' title='bbox 708 1117 784 1184; x_wconf 88' lang='lat' dir='ltr'>male</span> <span class='ocrx_word' id='word_1_34' title='bbox 815 1119 922 1184; x_wconf 91' lang='lat' dir='ltr'>vincit.</span> <span class='ocrx_word' id='word_1_35' title='bbox 971 1119 1039 1182; x_wconf 90' lang='lat' dir='ltr'>Hoc</span> <span class='ocrx_word' id='word_1_36' title='bbox 1070 1119 1164 1195; x_wconf 89' lang='lat' dir='ltr'>sciat,</span> <span class='ocrx_word' id='word_1_37' title='bbox 1187 1120 1213 1184; x_wconf 92' lang='lat' dir='ltr'>si</span> <span class='ocrx_word' id='word_1_38' title='bbox 1237 1119 1305 1204; x_wconf 89' lang='lat' dir='ltr'>quis</span> 
     </span>
     <span class='ocr_line' id='line_1_7' title="bbox 295 1235 1305 1323; baseline -0.002 -21"><span class='ocrx_word' id='word_1_39' title='bbox 295 1260 357 1302; x_wconf 90' lang='lat' dir='ltr'>nou</span> <span class='ocrx_word' id='word_1_40' title='bbox 379 1237 438 1302; x_wconf 92' lang='lat' dir='ltr'>levi</span> <span class='ocrx_word' id='word_1_41' title='bbox 462 1241 562 1303; x_wconf 88' lang='lat' dir='ltr'>mente</span> <span class='ocrx_word' id='word_1_42' title='bbox 585 1237 702 1322; x_wconf 88' lang='lat' dir='ltr'>accepit</span> <span class='ocrx_word' id='word_1_43' title='bbox 726 1235 887 1302; x_wconf 89' lang='lat' dir='ltr'>consilium</span> <span class='ocrx_word' id='word_1_44' title='bbox 910 1237 1051 1323; x_wconf 83' lang='lat' dir='ltr'>igneum,</span> <span class='ocrx_word' id='word_1_45' title='bbox 1072 1238 1155 1322; x_wconf 90' lang='lat' dir='ltr'>quod</span> <span class='ocrx_word' id='word_1_46' title='bbox 1178 1237 1234 1302; x_wconf 86' lang='lat' dir='ltr'>filii</span> <span class='ocrx_word' id='word_1_47' title='bbox 1257 1239 1305 1301; x_wconf 90' lang='lat' dir='ltr'>in-</span> 
     </span>
     <span class='ocr_line' id='line_1_8' title="bbox 294 1354 1305 1440; baseline -0.001 -19"><span class='ocrx_word' id='word_1_48' title='bbox 294 1356 452 1422; x_wconf 77' lang='lat' dir='ltr'>terfectrix</span> <span class='ocrx_word' id='word_1_49' title='bbox 490 1355 597 1420; x_wconf 89' lang='lat' dir='ltr'>misera</span> <span class='ocrx_word' id='word_1_50' title='bbox 629 1354 770 1421; x_wconf 83' lang='lat' dir='ltr'>Thestias</span> <span class='ocrx_word' id='word_1_51' title='bbox 800 1354 964 1440; x_wconf 91' lang='lat' dir='ltr'>aliquando</span> <span class='ocrx_word' id='word_1_52' title='bbox 995 1355 1102 1420; x_wconf 90' lang='lat' dir='ltr'>molita</span> <span class='ocrx_word' id='word_1_53' title='bbox 1130 1360 1193 1434; x_wconf 90' lang='lat' dir='ltr'>est,</span> <span class='ocrx_word' id='word_1_54' title='bbox 1224 1377 1305 1420; x_wconf 89' lang='lat' dir='ltr'>com-</span> 
     </span>
     <span class='ocr_line' id='line_1_9' title="bbox 294 1472 1305 1561; baseline 0 -22"><span class='ocrx_word' id='word_1_55' title='bbox 294 1473 406 1540; x_wconf 88' lang='lat' dir='ltr'>burens</span> <span class='ocrx_word' id='word_1_56' title='bbox 424 1473 563 1538; x_wconf 88' lang='lat' dir='ltr'>titionem</span> <span class='ocrx_word' id='word_1_57' title='bbox 583 1477 758 1548; x_wconf 89' lang='lat' dir='ltr'>cruentum,</span> <span class='ocrx_word' id='word_1_58' title='bbox 781 1472 934 1558; x_wconf 88' lang='lat' dir='ltr'>aequalem</span> <span class='ocrx_word' id='word_1_59' title='bbox 953 1473 1017 1538; x_wconf 91' lang='lat' dir='ltr'>filio</span> <span class='ocrx_word' id='word_1_60' title='bbox 1041 1495 1078 1538; x_wconf 83' lang='lat' dir='ltr'>ex</span> <span class='ocrx_word' id='word_1_61' title='bbox 1097 1496 1132 1540; x_wconf 92' lang='lat' dir='ltr'>eo</span> <span class='ocrx_word' id='word_1_62' title='bbox 1151 1479 1305 1561; x_wconf 87' lang='lat' dir='ltr'>tempore,</span> 
     </span>
     <span class='ocr_line' id='line_1_10' title="bbox 219 1590 1305 1679; baseline -0.005 -18"><span class='ocrx_word' id='word_1_63' title='bbox 219 1601 355 1676; x_wconf 84' lang='lat' dir='ltr'>610quo</span> <span class='ocrx_word' id='word_1_64' title='bbox 386 1590 509 1678; x_wconf 85' lang='lat' dir='ltr'>vagiens</span> <span class='ocrx_word' id='word_1_65' title='bbox 540 1613 556 1654; x_wconf 89' lang='lat' dir='ltr'>e</span> <span class='ocrx_word' id='word_1_66' title='bbox 585 1595 681 1656; x_wconf 88' lang='lat' dir='ltr'>matre</span> <span class='ocrx_word' id='word_1_67' title='bbox 710 1590 842 1678; x_wconf 88' lang='lat' dir='ltr'>prodiit,</span> <span class='ocrx_word' id='word_1_68' title='bbox 871 1613 984 1676; x_wconf 81' lang='lat' dir='ltr'>perque</span> <span class='ocrx_word' id='word_1_69' title='bbox 1006 1591 1100 1656; x_wconf 89' lang='lat' dir='ltr'>vitam</span> <span class='ocrx_word' id='word_1_70' title='bbox 1123 1592 1182 1678; x_wconf 79' lang='lat' dir='ltr'>ipsi</span> <span class='ocrx_word' id='word_1_71' title='bbox 1206 1613 1305 1679; x_wconf 89' lang='lat' dir='ltr'>parem</span> 
     </span>
     <span class='ocr_line' id='line_1_11' title="bbox 295 1708 1305 1796; baseline -0.001 -22"><span class='ocrx_word' id='word_1_72' title='bbox 295 1709 332 1774; x_wconf 87' lang='lat' dir='ltr'>ad</span> <span class='ocrx_word' id='word_1_73' title='bbox 360 1711 562 1774; x_wconf 90' lang='lat' dir='ltr'>constitutum</span> <span class='ocrx_word' id='word_1_74' title='bbox 586 1711 649 1774; x_wconf 89' lang='lat' dir='ltr'>fato</span> <span class='ocrx_word' id='word_1_75' title='bbox 674 1709 763 1776; x_wconf 89' lang='lat' dir='ltr'>diem.</span> <span class='ocrx_word' id='word_1_76' title='bbox 807 1708 943 1774; x_wconf 85' lang='lat' dir='ltr'>Alteram</span> <span class='ocrx_word' id='word_1_77' title='bbox 976 1713 1096 1796; x_wconf 87' lang='lat' dir='ltr'>oportet</span> <span class='ocrx_word' id='word_1_78' title='bbox 1119 1710 1248 1795; x_wconf 87' lang='lat' dir='ltr'>aliquem</span> <span class='ocrx_word' id='word_1_79' title='bbox 1271 1711 1305 1773; x_wconf 89' lang='lat' dir='ltr'>in</span> 
     </span>
     <span class='ocr_line' id='line_1_12' title="bbox 295 1827 1305 1912; baseline -0.003 -17"><span class='ocrx_word' id='word_1_80' title='bbox 295 1850 430 1895; x_wconf 86' lang='lat' dir='ltr'>sermone</span> <span class='ocrx_word' id='word_1_81' title='bbox 457 1828 557 1893; x_wconf 88' lang='lat' dir='ltr'>odisse</span> <span class='ocrx_word' id='word_1_82' title='bbox 589 1833 745 1894; x_wconf 88' lang='lat' dir='ltr'>cruentam</span> <span class='ocrx_word' id='word_1_83' title='bbox 775 1827 924 1912; x_wconf 84' lang='lat' dir='ltr'>Scyllam,</span> <span class='ocrx_word' id='word_1_84' title='bbox 955 1850 1031 1912; x_wconf 88' lang='lat' dir='ltr'>quae</span> <span class='ocrx_word' id='word_1_85' title='bbox 1054 1851 1146 1892; x_wconf 91' lang='lat' dir='ltr'>manu</span> <span class='ocrx_word' id='word_1_86' title='bbox 1170 1827 1305 1894; x_wconf 90' lang='lat' dir='ltr'>hostium</span> 
     </span>
     <span class='ocr_line' id='line_1_13' title="bbox 296 1945 1304 2032; baseline -0.001 -21"><span class='ocrx_word' id='word_1_87' title='bbox 296 1968 396 2012; x_wconf 91' lang='lat' dir='ltr'>carum</span> <span class='ocrx_word' id='word_1_88' title='bbox 417 1947 516 2011; x_wconf 89' lang='lat' dir='ltr'>virum</span> <span class='ocrx_word' id='word_1_89' title='bbox 536 1946 685 2032; x_wconf 80' lang='lat' dir='ltr'>perdidit,</span> <span class='ocrx_word' id='word_1_90' title='bbox 709 1946 839 2010; x_wconf 85' lang='lat' dir='ltr'>Creticis</span> <span class='ocrx_word' id='word_1_91' title='bbox 858 1946 956 2012; x_wconf 79' lang='lat' dir='ltr'>aureis</span> <span class='ocrx_word' id='word_1_92' title='bbox 977 1946 1142 2012; x_wconf 88' lang='lat' dir='ltr'>monilibus</span> <span class='ocrx_word' id='word_1_93' title='bbox 1160 1945 1304 2023; x_wconf 89' lang='lat' dir='ltr'>adducta,</span> 
     </span>
     <span class='ocr_line' id='line_1_14' title="bbox 219 2064 1304 2152; baseline 0.001 -25"><span class='ocrx_word' id='word_1_94' title='bbox 219 2067 383 2130; x_wconf 73' lang='lat' dir='ltr'>620donis</span> <span class='ocrx_word' id='word_1_95' title='bbox 406 2065 539 2142; x_wconf 88' lang='lat' dir='ltr'>Minois,</span> <span class='ocrx_word' id='word_1_96' title='bbox 562 2066 735 2150; x_wconf 89' lang='lat' dir='ltr'>Nisumqne</span> <span class='ocrx_word' id='word_1_97' title='bbox 757 2064 921 2130; x_wconf 84' lang='lat' dir='ltr'>immortali</span> <span class='ocrx_word' id='word_1_98' title='bbox 953 2064 1036 2130; x_wconf 91' lang='lat' dir='ltr'>crine</span> <span class='ocrx_word' id='word_1_99' title='bbox 1065 2065 1208 2152; x_wconf 89' lang='lat' dir='ltr'>spoliavit</span> <span class='ocrx_word' id='word_1_100' title='bbox 1232 2086 1304 2129; x_wconf 88' lang='lat' dir='ltr'>eou-</span> 
     </span>
     <span class='ocr_line' id='line_1_15' title="bbox 295 2183 1302 2271; baseline -0.002 -21"><span class='ocrx_word' id='word_1_101' title='bbox 295 2185 390 2264; x_wconf 87' lang='lat' dir='ltr'>sulto,</span> <span class='ocrx_word' id='word_1_102' title='bbox 413 2184 586 2271; x_wconf 87' lang='lat' dir='ltr'>impudens,</span> <span class='ocrx_word' id='word_1_103' title='bbox 609 2205 701 2268; x_wconf 88' lang='lat' dir='ltr'>quum</span> <span class='ocrx_word' id='word_1_104' title='bbox 722 2183 775 2248; x_wconf 90' lang='lat' dir='ltr'>ille</span> <span class='ocrx_word' id='word_1_105' title='bbox 793 2205 846 2270; x_wconf 91' lang='lat' dir='ltr'>pcr</span> <span class='ocrx_word' id='word_1_106' title='bbox 869 2205 1008 2250; x_wconf 88' lang='lat' dir='ltr'>somnum</span> <span class='ocrx_word' id='word_1_107' title='bbox 1031 2184 1174 2269; x_wconf 88' lang='lat' dir='ltr'>spiraret;</span> <span class='ocrx_word' id='word_1_108' title='bbox 1198 2206 1302 2248; x_wconf 91' lang='lat' dir='ltr'>verum</span> 
     </span>
     <span class='ocr_line' id='line_1_16' title="bbox 294 2301 1303 2374; baseline -0.001 -5"><span class='ocrx_word' id='word_1_109' title='bbox 294 2305 377 2370; x_wconf 89' lang='lat' dir='ltr'>illam</span> <span class='ocrx_word' id='word_1_110' title='bbox 410 2304 583 2369; x_wconf 86' lang='lat' dir='ltr'>Mercurius</span> <span class='ocrx_word' id='word_1_111' title='bbox 618 2307 772 2368; x_wconf 89' lang='lat' dir='ltr'>assecutus</span> <span class='ocrx_word' id='word_1_112' title='bbox 806 2308 861 2368; x_wconf 88' lang='lat' dir='ltr'>est.</span> <span class='ocrx_word' id='word_1_113' title='bbox 907 2301 1011 2374; x_wconf 78' lang='lat' dir='ltr'>Quum</span> <span class='ocrx_word' id='word_1_114' title='bbox 1042 2306 1141 2368; x_wconf 89' lang='lat' dir='ltr'>autem</span> <span class='ocrx_word' id='word_1_115' title='bbox 1169 2304 1303 2368; x_wconf 88' lang='lat' dir='ltr'>immites</span> 
     </span>
     <span class='ocr_line' id='line_1_17' title="bbox 295 2421 1305 2509; baseline 0 -21"><span class='ocrx_word' id='word_1_116' title='bbox 295 2421 411 2488; x_wconf 89' lang='lat' dir='ltr'>labores</span> <span class='ocrx_word' id='word_1_117' title='bbox 430 2423 670 2500; x_wconf 87' lang='lat' dir='ltr'>memoraverim,</span> <span class='ocrx_word' id='word_1_118' title='bbox 685 2421 791 2488; x_wconf 91' lang='lat' dir='ltr'>horreo</span> <span class='ocrx_word' id='word_1_119' title='bbox 803 2422 1016 2508; x_wconf 87' lang='lat' dir='ltr'>intempestive</span> <span class='ocrx_word' id='word_1_120' title='bbox 1030 2421 1217 2509; x_wconf 89' lang='lat' dir='ltr'>(memorare)</span> <span class='ocrx_word' id='word_1_121' title='bbox 1232 2445 1305 2488; x_wconf 90' lang='lat' dir='ltr'>cou-</span> 
     </span>
     <span class='ocr_line' id='line_1_18' title="bbox 291 2540 1304 2628; baseline 0 -22"><span class='ocrx_word' id='word_1_122' title='bbox 291 2541 413 2628; x_wconf 79' lang='lat' dir='ltr'>jugium</span> <span class='ocrx_word' id='word_1_123' title='bbox 436 2542 585 2618; x_wconf 90' lang='lat' dir='ltr'>invisum,</span> <span class='ocrx_word' id='word_1_124' title='bbox 608 2540 841 2606; x_wconf 90' lang='lat' dir='ltr'>abominandum</span> <span class='ocrx_word' id='word_1_125' title='bbox 862 2541 982 2618; x_wconf 90' lang='lat' dir='ltr'>domui,</span> <span class='ocrx_word' id='word_1_126' title='bbox 1005 2545 1197 2626; x_wconf 85' lang='lat' dir='ltr'>structasque</span> <span class='ocrx_word' id='word_1_127' title='bbox 1218 2543 1304 2606; x_wconf 87' lang='lat' dir='ltr'>femi-</span> 
     </span>
     <span class='ocr_line' id='line_1_19' title="bbox 295 2659 1306 2739; baseline 0 -15"><span class='ocrx_word' id='word_1_128' title='bbox 295 2663 473 2724; x_wconf 83' lang='lat' dir='ltr'>usamenta</span> <span class='ocrx_word' id='word_1_129' title='bbox 495 2659 623 2724; x_wconf 91' lang='lat' dir='ltr'>iusidias</span> <span class='ocrx_word' id='word_1_130' title='bbox 646 2659 711 2724; x_wconf 93' lang='lat' dir='ltr'>viro</span> <span class='ocrx_word' id='word_1_131' title='bbox 742 2660 896 2736; x_wconf 84' lang='lat' dir='ltr'>armifero,</span> <span class='ocrx_word' id='word_1_132' title='bbox 926 2661 992 2724; x_wconf 92' lang='lat' dir='ltr'>viro</span> <span class='ocrx_word' id='word_1_133' title='bbox 1015 2659 1156 2726; x_wconf 89' lang='lat' dir='ltr'>hostibus</span> <span class='ocrx_word' id='word_1_134' title='bbox 1178 2661 1306 2739; x_wconf 88' lang='lat' dir='ltr'>infesto,</span> 
     </span>
     <span class='ocr_line' id='line_1_20' title="bbox 219 2777 1306 2865; baseline -0.004 -19"><span class='ocrx_word' id='word_1_135' title='bbox 219 2778 447 2863; x_wconf 87' lang='lat' dir='ltr'>630nimisque</span> <span class='ocrx_word' id='word_1_136' title='bbox 484 2779 585 2843; x_wconf 82' lang='lat' dir='ltr'>focum</span> <span class='ocrx_word' id='word_1_137' title='bbox 620 2777 781 2864; x_wconf 79' lang='lat' dir='ltr'>frigentem</span> <span class='ocrx_word' id='word_1_138' title='bbox 817 2777 940 2855; x_wconf 90' lang='lat' dir='ltr'>domus,</span> <span class='ocrx_word' id='word_1_139' title='bbox 973 2779 1130 2845; x_wconf 87' lang='lat' dir='ltr'>femineam</span> <span class='ocrx_word' id='word_1_140' title='bbox 1164 2779 1306 2865; x_wconf 87' lang='lat' dir='ltr'>ignavam</span> 
     </span>
     <span class='ocr_line' id='line_1_21' title="bbox 295 2895 1307 2982; baseline 0 -20"><span class='ocrx_word' id='word_1_141' title='bbox 295 2896 419 2962; x_wconf 89' lang='lat' dir='ltr'>hastam.</span> <span class='ocrx_word' id='word_1_142' title='bbox 466 2896 616 2960; x_wconf 88' lang='lat' dir='ltr'>Malorum</span> <span class='ocrx_word' id='word_1_143' title='bbox 649 2897 843 2982; x_wconf 88' lang='lat' dir='ltr'>praecipuum</span> <span class='ocrx_word' id='word_1_144' title='bbox 875 2895 1064 2962; x_wconf 88' lang='lat' dir='ltr'>sermonibus</span> <span class='ocrx_word' id='word_1_145' title='bbox 1094 2899 1192 2962; x_wconf 89' lang='lat' dir='ltr'>fertur</span> <span class='ocrx_word' id='word_1_146' title='bbox 1215 2897 1307 2962; x_wconf 87' lang='lat' dir='ltr'>Lem-</span> 
     </span>
     <span class='ocr_line' id='line_1_22' title="bbox 294 3013 1304 3082; baseline -0.002 0"><span class='ocrx_word' id='word_1_147' title='bbox 294 3018 394 3082; x_wconf 90' lang='lat' dir='ltr'>nium:</span> <span class='ocrx_word' id='word_1_148' title='bbox 418 3016 545 3082; x_wconf 88' lang='lat' dir='ltr'>defletur</span> <span class='ocrx_word' id='word_1_149' title='bbox 567 3017 709 3081; x_wconf 89' lang='lat' dir='ltr'>nimirum</span> <span class='ocrx_word' id='word_1_150' title='bbox 731 3015 958 3082; x_wconf 87' lang='lat' dir='ltr'>detestandum:</span> <span class='ocrx_word' id='word_1_151' title='bbox 982 3037 1085 3081; x_wconf 89' lang='lat' dir='ltr'>verum</span> <span class='ocrx_word' id='word_1_152' title='bbox 1109 3013 1167 3080; x_wconf 91' lang='lat' dir='ltr'>hoc</span> <span class='ocrx_word' id='word_1_153' title='bbox 1191 3016 1304 3080; x_wconf 90' lang='lat' dir='ltr'>malum</span> 
     </span>
     <span class='ocr_line' id='line_1_23' title="bbox 295 3133 1304 3220; baseline -0.001 -20"><span class='ocrx_word' id='word_1_154' title='bbox 295 3136 406 3220; x_wconf 90' lang='lat' dir='ltr'>aliquis</span> <span class='ocrx_word' id='word_1_155' title='bbox 430 3133 517 3200; x_wconf 89' lang='lat' dir='ltr'>malis</span> <span class='ocrx_word' id='word_1_156' title='bbox 540 3135 677 3202; x_wconf 87' lang='lat' dir='ltr'>Lemniis</span> <span class='ocrx_word' id='word_1_157' title='bbox 707 3156 811 3199; x_wconf 89' lang='lat' dir='ltr'>rursus</span> <span class='ocrx_word' id='word_1_158' title='bbox 842 3135 1055 3220; x_wconf 88' lang='lat' dir='ltr'>aequipararet.</span> <span class='ocrx_word' id='word_1_159' title='bbox 1101 3135 1208 3199; x_wconf 92' lang='lat' dir='ltr'>Iuviso</span> <span class='ocrx_word' id='word_1_160' title='bbox 1233 3135 1304 3200; x_wconf 90' lang='lat' dir='ltr'>Diis</span> 
     </span>
     <span class='ocr_line' id='line_1_24' title="bbox 297 3252 1306 3341; baseline -0.002 -21"><span class='ocrx_word' id='word_1_161' title='bbox 297 3254 400 3320; x_wconf 90' lang='lat' dir='ltr'>dolore</span> <span class='ocrx_word' id='word_1_162' title='bbox 422 3255 501 3340; x_wconf 90' lang='lat' dir='ltr'>perit</span> <span class='ocrx_word' id='word_1_163' title='bbox 524 3276 621 3341; x_wconf 89' lang='lat' dir='ltr'>genus</span> <span class='ocrx_word' id='word_1_164' title='bbox 644 3253 817 3319; x_wconf 83' lang='lat' dir='ltr'>mortalium</span> <span class='ocrx_word' id='word_1_165' title='bbox 840 3253 1011 3340; x_wconf 85' lang='lat' dir='ltr'>ignominia</span> <span class='ocrx_word' id='word_1_166' title='bbox 1034 3252 1184 3320; x_wconf 88' lang='lat' dir='ltr'>obrutum.</span> <span class='ocrx_word' id='word_1_167' title='bbox 1224 3253 1306 3318; x_wconf 88' lang='lat' dir='ltr'>Nam</span> 
     </span>
     <span class='ocr_line' id='line_1_25' title="bbox 295 3370 1305 3458; baseline -0.001 -20"><span class='ocrx_word' id='word_1_168' title='bbox 295 3397 383 3439; x_wconf 91' lang='lat' dir='ltr'>nemo</span> <span class='ocrx_word' id='word_1_169' title='bbox 406 3376 503 3438; x_wconf 86' lang='lat' dir='ltr'>facere</span> <span class='ocrx_word' id='word_1_170' title='bbox 534 3379 653 3438; x_wconf 90' lang='lat' dir='ltr'>veretur</span> <span class='ocrx_word' id='word_1_171' title='bbox 675 3373 724 3450; x_wconf 88' lang='lat' dir='ltr'>id,</span> <span class='ocrx_word' id='word_1_172' title='bbox 760 3374 840 3458; x_wconf 90' lang='lat' dir='ltr'>quod</span> <span class='ocrx_word' id='word_1_173' title='bbox 865 3373 936 3437; x_wconf 93' lang='lat' dir='ltr'>Diis</span> <span class='ocrx_word' id='word_1_174' title='bbox 964 3372 1103 3437; x_wconf 88' lang='lat' dir='ltr'>odiosum</span> <span class='ocrx_word' id='word_1_175' title='bbox 1126 3373 1174 3436; x_wconf 90' lang='lat' dir='ltr'>sit.</span> <span class='ocrx_word' id='word_1_176' title='bbox 1220 3370 1305 3443; x_wconf 78' lang='lat' dir='ltr'>Quid</span> 
     </span>
     <span class='ocr_line' id='line_1_26' title="bbox 296 3490 1307 3578; baseline -0.004 -19"><span class='ocrx_word' id='word_1_177' title='bbox 296 3494 405 3559; x_wconf 88' lang='lat' dir='ltr'>horum</span> <span class='ocrx_word' id='word_1_178' title='bbox 436 3515 498 3557; x_wconf 90' lang='lat' dir='ltr'>non</span> <span class='ocrx_word' id='word_1_179' title='bbox 524 3492 592 3578; x_wconf 92' lang='lat' dir='ltr'>jure</span> <span class='ocrx_word' id='word_1_180' title='bbox 624 3491 759 3578; x_wconf 75' lang='lat' dir='ltr'>colligo?</span> <span class='ocrx_word' id='word_1_181' title='bbox 807 3490 936 3556; x_wconf 88' lang='lat' dir='ltr'>Gladius</span> <span class='ocrx_word' id='word_1_182' title='bbox 967 3513 1084 3556; x_wconf 88' lang='lat' dir='ltr'>amarus</span> <span class='ocrx_word' id='word_1_183' title='bbox 1114 3513 1207 3578; x_wconf 88' lang='lat' dir='ltr'>prope</span> <span class='ocrx_word' id='word_1_184' title='bbox 1238 3491 1307 3578; x_wconf 92' lang='lat' dir='ltr'>pul·</span> 
     </span>
     <span class='ocr_line' id='line_1_27' title="bbox 220 3609 1305 3697; baseline -0.007 -15"><span class='ocrx_word' id='word_1_185' title='bbox 220 3621 400 3683; x_wconf 75' lang='lat' dir='ltr'>saumones</span> <span class='ocrx_word' id='word_1_186' title='bbox 431 3617 477 3676; x_wconf 89' lang='lat' dir='ltr'>est</span> <span class='ocrx_word' id='word_1_187' title='bbox 509 3616 540 3675; x_wconf 91' lang='lat' dir='ltr'>et</span> <span class='ocrx_word' id='word_1_188' title='bbox 569 3616 724 3697; x_wconf 88' lang='lat' dir='ltr'>penetrare</span> <span class='ocrx_word' id='word_1_189' title='bbox 754 3611 878 3674; x_wconf 86' lang='lat' dir='ltr'>festinat</span> <span class='ocrx_word' id='word_1_190' title='bbox 908 3609 1038 3674; x_wconf 86' lang='lat' dir='ltr'>Justitia</span> <span class='ocrx_word' id='word_1_191' title='bbox 1056 3610 1189 3695; x_wconf 89' lang='lat' dir='ltr'>jubente.</span> <span class='ocrx_word' id='word_1_192' title='bbox 1225 3611 1305 3675; x_wconf 90' lang='lat' dir='ltr'>Nam</span> 
     </span>
     <span class='ocr_line' id='line_1_28' title="bbox 296 3728 1306 3816; baseline -0.002 -20"><span class='ocrx_word' id='word_1_193' title='bbox 296 3732 378 3816; x_wconf 92' lang='lat' dir='ltr'>quod</span> <span class='ocrx_word' id='word_1_194' title='bbox 396 3730 518 3816; x_wconf 87' lang='lat' dir='ltr'>justitia</span> <span class='ocrx_word' id='word_1_195' title='bbox 541 3734 638 3806; x_wconf 87' lang='lat' dir='ltr'>vetat,</span> <span class='ocrx_word' id='word_1_196' title='bbox 671 3751 732 3794; x_wconf 92' lang='lat' dir='ltr'>non</span> <span class='ocrx_word' id='word_1_197' title='bbox 755 3728 839 3794; x_wconf 91' lang='lat' dir='ltr'>humi</span> <span class='ocrx_word' id='word_1_198' title='bbox 864 3729 998 3794; x_wconf 90' lang='lat' dir='ltr'>calcatur</span> <span class='ocrx_word' id='word_1_199' title='bbox 1022 3728 1157 3815; x_wconf 88' lang='lat' dir='ltr'>pedibus.</span> <span class='ocrx_word' id='word_1_200' title='bbox 1203 3729 1306 3794; x_wconf 85' lang='lat' dir='ltr'>Cunc-</span> 
     </span>
     <span class='ocr_line' id='line_1_29' title="bbox 296 3848 1307 3933; baseline -0.002 -17"><span class='ocrx_word' id='word_1_201' title='bbox 296 3857 358 3916; x_wconf 89' lang='lat' dir='ltr'>tam</span> <span class='ocrx_word' id='word_1_202' title='bbox 381 3850 469 3915; x_wconf 90' lang='lat' dir='ltr'>Jovis</span> <span class='ocrx_word' id='word_1_203' title='bbox 493 3849 647 3914; x_wconf 87' lang='lat' dir='ltr'>violarunt</span> <span class='ocrx_word' id='word_1_204' title='bbox 670 3849 853 3933; x_wconf 87' lang='lat' dir='ltr'>majestatem</span> <span class='ocrx_word' id='word_1_205' title='bbox 878 3849 999 3912; x_wconf 89' lang='lat' dir='ltr'>nefarie.</span> <span class='ocrx_word' id='word_1_206' title='bbox 1031 3848 1307 3914; x_wconf 86' lang='lat' dir='ltr'>VerumJustitiae</span> 
     </span>
     <span class='ocr_line' id='line_1_30' title="bbox 297 3966 1306 4054; baseline -0.002 -19"><span class='ocrx_word' id='word_1_207' title='bbox 297 3971 383 4036; x_wconf 83' lang='lat' dir='ltr'>radix</span> <span class='ocrx_word' id='word_1_208' title='bbox 406 3971 552 4036; x_wconf 87' lang='lat' dir='ltr'>firmatur.</span> <span class='ocrx_word' id='word_1_209' title='bbox 598 3969 806 4054; x_wconf 91' lang='lat' dir='ltr'>Procuditque</span> <span class='ocrx_word' id='word_1_210' title='bbox 829 3969 937 4034; x_wconf 80' lang='lat' dir='ltr'>Fatum</span> <span class='ocrx_word' id='word_1_211' title='bbox 962 3973 992 4032; x_wconf 90' lang='lat' dir='ltr'>et</span> <span class='ocrx_word' id='word_1_212' title='bbox 1015 3966 1181 4033; x_wconf 87' lang='lat' dir='ltr'>fabricatur</span> <span class='ocrx_word' id='word_1_213' title='bbox 1205 3991 1306 4033; x_wconf 88' lang='lat' dir='ltr'>enses:</span> 
     </span>
    </p>
   </div>
   <div class='ocr_carea' id='block_1_3' title="bbox 222 4085 1305 4176">
    <p class='ocr_par' dir='ltr' id='par_1_3' title="bbox 222 4085 1305 4176">
     <span class='ocr_line' id='line_1_31' title="bbox 222 4085 1305 4176; baseline -0.003 -21"><span class='ocrx_word' id='word_1_214' title='bbox 222 4106 284 4168; x_wconf 76' lang='lat'>650</span> <span class='ocrx_word' id='word_1_215' title='bbox 298 4091 530 4176; x_wconf 83' lang='lat' dir='ltr'>progeniemque</span> <span class='ocrx_word' id='word_1_216' title='bbox 552 4089 645 4154; x_wconf 84' lang='lat' dir='ltr'>infert</span> <span class='ocrx_word' id='word_1_217' title='bbox 667 4088 770 4153; x_wconf 88' lang='lat' dir='ltr'>domui</span> <span class='ocrx_word' id='word_1_218' title='bbox 794 4088 953 4174; x_wconf 87' lang='lat' dir='ltr'>sanguinis</span> <span class='ocrx_word' id='word_1_219' title='bbox 976 4087 1161 4152; x_wconf 88' lang='lat' dir='ltr'>vetustioris.</span> <span class='ocrx_word' id='word_1_220' title='bbox 1193 4085 1305 4152; x_wconf 88' lang='lat' dir='ltr'>Vindi-</span> 
     </span>
    </p>
   </div>
   <div class='ocr_carea' id='block_1_4' title="bbox 300 4208 1161 4299">
    <p class='ocr_par' dir='ltr' id='par_1_4' title="bbox 300 4208 1161 4299">
     <span class='ocr_line' id='line_1_32' title="bbox 300 4208 1161 4299; baseline -0.005 -25"><span class='ocrx_word' id='word_1_221' title='bbox 300 4214 348 4276; x_wconf 87' lang='lat' dir='ltr'>cat</span> <span class='ocrx_word' id='word_1_222' title='bbox 370 4210 522 4299; x_wconf 88' lang='lat' dir='ltr'>piaculum</span> <span class='ocrx_word' id='word_1_223' title='bbox 545 4209 666 4276; x_wconf 87' lang='lat' dir='ltr'>taudem</span> <span class='ocrx_word' id='word_1_224' title='bbox 691 4209 771 4276; x_wconf 90' lang='lat' dir='ltr'>clara</span> <span class='ocrx_word' id='word_1_225' title='bbox 793 4212 823 4273; x_wconf 90' lang='lat' dir='ltr'>et</span> <span class='ocrx_word' id='word_1_226' title='bbox 846 4208 996 4298; x_wconf 82' lang='lat' dir='ltr'>profunda</span> <span class='ocrx_word' id='word_1_227' title='bbox 1018 4208 1161 4293; x_wconf 81' lang='lat' dir='ltr'>Erinnys.</span> 
     </span>
    </p>
   </div>
   <div class='ocr_carea' id='block_1_5' title="bbox 0 0 1485 4974">
    <p class='ocr_par' dir='ltr' id='par_1_5' title="bbox 0 0 1485 4974">
     <span class='ocr_line' id='line_1_33' title="bbox 0 0 1485 4974; baseline 0 0"><span class='ocrx_word' id='word_1_228' title='bbox 0 0 1485 4974; x_wconf 95' lang='lat' dir='ltr'> </span> 
     </span>
    </p>
   </div>
  </div>
 </body>
</html>
