2956 4974
557 423 770 480 ΧΟΗΦΟΡΟΙ.

164 629 233 684 ΧΟ.
279 625 300 702 ή
322 618 346 682 δ
367 615 400 694 ἕξ
423 613 509 682 ὕπνου
531 615 672 697 κε’κροορεν
695 614 865 693 ἐπτοημένη.

281 749 382 816 πολλοὶ
405 748 430 815 δ’
452 750 565 832 ἀνῇθον,
589 748 822 832 ἐκτυφλωθέντες
844 748 954 830 σκότῳ,

278 893 454 965 λοομπτῆρες
477 885 506 948 ἐν
528 882 635 962 δόμοισι
658 882 805 959 δεσποίνης
827 882 933 964 χοίριν·

280 1018 390 1097 πέμπει
413 1020 441 1084 τ’
465 1016 569 1083 ἔπειτοι
591 1016 682 1083 τοίσδε
704 1014 829 1091 κηδείους
849 1015 944 1098 χοὰς,

277 1150 345 1226 οἶκος
367 1159 488 1232 τομιοίον
512 1150 663 1216 ἐλπίσοισοο
686 1149 839 1229 πημοίτων.

161 1299 226 1353 ΟΡ.
272 1289 344 1352 ἀλλ’
367 1284 496 1367 εθχομοοι
520 1294 561 1367 τῇ
583 1285 669 1367 τῇδε,
692 1285 742 1349 κοοί
766 1283 875 1364 ποοτρὸς
897 1282 1001 1366 τοίφιρ,

276 1418 410 1501 τοῦνειρον
432 1415 503 1484 είνοοι
526 1422 606 1484 τοῦτ’
628 1419 690 1498 ἐμοὶ
713 1418 896 1500 τελεσφόρον.

276 1553 356 1636 κρίνω
379 1553 409 1618 δέ
431 1553 476 1619 τοί
498 1577 538 1619 νιν
562 1551 637 1618 ι’ίστε
659 1549 831 1630 συγκόλλως
857 1549 945 1633 ἔχειν.

277 1688 301 1754 εί
324 1687 383 1770 γὰρ
397 1673 454 1753 Ιτὸν
478 1687 566 1753 ωθτθν
588 1691 680 1768 χῶρον
702 1687 825 1752 ἐκλιπὼν
849 1685 911 1764 ε’μοί

279 1817 361 1903 ον’ίφις
384 1821 475 1899 ἐμοῖσι
498 1819 678 1901 σπωργοίνοις
701 1818 857 1900 ὡπλίζετο,

279 1952 327 2018 κοί
351 1952 466 2033 μοιστθν
487 1953 669 2035 οθμφέχωσκ’
692 1952 761 2032 ἐμὸν
783 1953 956 2034 θρεπτήριον,

279 2086 393 2168 θρίμβῳ
415 2085 439 2152 δ’
463 2085 559 2166 ἔμιξεν
582 2083 708 2165 οιίμοοτος
730 2085 818 2169 φίλον
840 2085 942 2164 γοίλοι·

279 2223 295 2298 η
317 2219 342 2285 δ’
363 2220 446 2306 ἀμφὶ
468 2219 573 2303 τοίρβει
595 2219 659 2302 τῷδ’
683 2219 837 2302 ἐπῴμωξεν
860 2218 957 2286 ποίθει’

277 2354 321 2420 δεῖ
339 2353 384 2420 τοί
405 2377 461 2433 νιν,
482 2356 519 2427 ὡς
542 2353 657 2436 ἔθρεψεν
679 2353 830 2431 ἔκπωνλον
853 2353 956 2435 τθροος,

279 2488 371 2552 θοινεῑν
393 2487 511 2566 βιονίως·
533 2487 762 2570 ἐκδροκοντωθεὶς
786 2485 810 2552 δ’
832 2489 891 2565 ἐγὼ

278 2625 367 2686 κτενῶ
390 2645 445 2698 νιν,
469 2623 506 2693 ὡς
528 2621 664 2702 τοῦνειρον
686 2621 793 2687 ἐννέπει
815 2621 888 2686 τίδε.

275 2753 454 2836 τεροοσκθπον
476 2753 506 2818 δὲ
528 2753 615 2820 τῶνδέ
637 2753 665 2819 σ’
688 2755 824 2836 οοίροῦμουι
847 2755 918 2836 πέρι.

161 2899 231 2956 ΧΟ.
275 2888 384 2967 γένοιτο
406 2889 431 2953 δ’
454 2885 549 2961 οὕτως.
582 2885 688 2954 τᾶλλο
710 2887 734 2953 δ’
757 2886 864 2966 ἐξηγοῦ
886 2888 1000 2970 Φίλοις·

275 3023 341 3098 τοὺς
363 3022 417 3102 μέν
439 3047 468 3087 τι
491 3030 595 3100 ποιεῖν,
617 3023 684 3096 τοὺς
707 3021 737 3088 δὲ
757 3023 830 3101 μήτε
853 3022 937 3107 δρρῖν,
960 3022 1064 3100 λέγων.

162 3169 226 3224 ΟΡ.
271 3157 384 3229 οὶπλοῦς
407 3157 421 3222 ί
444 3156 545 3235 μῦθος·
567 3155 653 3232 τήνδε
674 3156 729 3234 μὲν
752 3155 882 3237 στείχειν
904 3156 977 3222 ἔσω·

275 3291 343 3356 οοίνῶ
367 3287 397 3352 δὲ
419 3288 555 3370 κρύπτειν
576 3288 668 3354 τοίσδε
690 3289 832 3363 συνθήκοος
856 3288 947 3369 ε’μοίς·
1112 3293 1175 3352 555

274 3425 311 3496 ιθς
333 3421 370 3488 θον
393 3422 465 3504 δθλιρ
487 3421 653 3494 κτείνοντες
676 3419 766 3504 θνδροο
787 3421 895 3503 τίμιον,

274 3556 345 3638 δθλῳ
367 3581 403 3622 τε
425 3556 474 3621 κοοί
498 3558 645 3640 ληφθῶσιν
668 3558 697 3621 ἐν
719 3557 819 3637 τοοὺτῷ
842 3556 943 3638 βρόχῳ

278 3689 423 3764 θοινθντες·
445 3688 464 3774 ᾖ
485 3689 536 3756 κοιί
559 3689 669 3766 Λοξίους
691 3692 847 3773 ἐφήμισεν,

277 3821 356 3902 ι’ίνονξ
376 3821 547 3903 Ἀπθλλων,
569 3823 676 3903 μοίντις
698 3823 828 3906 οὶφευδης
850 3824 884 3889 τὸ
907 3824 979 3906 πρίν.

276 3955 344 4040 ξένῳ
366 3957 425 4039 γὰρ
448 3959 545 4038 εἰκὼς,
568 3967 702 4034 πωντελῆ
724 3957 822 4035 σοίνην
844 3957 938 4040 ἔχων,
1112 3960 1175 4022 560

275 4089 331 4170 ἔξω
354 4089 405 4168 ξὺν
426 4091 504 4172 οίνδρί
526 4090 592 4174 τῷδ’
616 4089 665 4175 ἐφ’
688 4091 807 4172 ἑρκείους
830 4091 930 4163 πίλοις

274 4225 408 4308 Πυλοίδη,
430 4223 507 4304 ξένος
529 4249 563 4290 τε
584 4225 634 4291 ιοοοί
658 4223 797 4304 δορύξενος
819 4223 919 4304 δόμων.
