2956 4974
663 463 707 474 -
1166 443 1188 491 V

179 630 261 696 idem
284 649 348 694 esse
369 651 430 695 nou
454 631 560 708 desiit,
582 647 643 694 non
667 625 714 693 illi
737 633 773 694 ut
796 648 867 694 saxa
891 634 1059 706 moverent,
1080 628 1131 694 sed
1153 629 1189 693 ut

180 785 240 828 ror
264 783 366 826 eorum
389 761 422 826 in
447 761 576 828 humana
592 765 714 848 pectora
732 761 865 826 influens
884 767 915 826 et
933 765 1094 848 penetrans
1112 760 1190 824 leni-

180 901 227 962 ret
246 917 296 973 ea,
314 855 463 974 erutlirat,
480 895 558 960 mala
576 894 647 960 odia
665 916 831 982 pravasque
846 893 1006 981 cupidines
1025 894 1187 960 dulcedine

181 1051 237 1094 aua
260 1029 419 1115 frangeret.
464 1027 566 1094 Etiam
589 1029 689 1094 acrius
712 1029 866 1093 intuentes
889 1028 1006 1092 animos
1031 1025 1187 1092 hominum

182 1183 344 1248 eorumque
367 1169 483 1238 motus,
507 1167 538 1228 et
561 1163 621 1227 vim
646 1168 678 1226 et
700 1162 896 1250 praesentiam
921 1163 1067 1226 Numinis
1091 1159 1189 1225 divini

183 1296 364 1373 sentientes,
394 1311 441 1360 res
472 1294 609 1381 singulas
631 1296 675 1359 ita
699 1296 891 1372 cecinerunt,
916 1299 966 1370 ut,
988 1294 1071 1378 qood
1093 1294 1126 1357 in
1150 1293 1190 1358 iis

184 1428 347 1494 humanum
381 1433 461 1494 esset
494 1429 635 1514 quodque
670 1430 823 1506 divinum,
859 1428 1066 1516 intelligerent
1096 1434 1127 1493 et
1157 1429 1193 1492 in

100 1559 105 1566 '
183 1562 253 1628 lucc
276 1565 408 1650 positum
433 1563 681 1650 conspiciendum
706 1561 895 1650 praeberent:
915 1561 1109 1648 quodquam
1129 1583 1191 1628 non

184 1695 376 1784 singolorum
410 1696 466 1774 sit,
499 1697 552 1761 aad
587 1697 625 1762 ad
660 1703 788 1762 cunctos
823 1699 990 1784 pertineat,
1020 1697 1192 1763 mortalium

184 1830 289 1916 generi
316 1830 453 1915 pietatis,
484 1829 662 1907 modestiae,
693 1827 908 1907 humanitatis,
934 1831 1060 1895 virtutis
1084 1831 1189 1895 docto·

185 1983 233 2026 res
256 1963 448 2026 exstiterunt.

230 2095 380 2158 Novimus
403 2117 493 2172 sanc,
515 2095 744 2161 fundamentum
768 2095 937 2161 studiorum
959 2101 1130 2160 nostrorum
1151 2097 1195 2160 ita

187 2227 219 2290 in
251 2225 426 2316 linguarum
456 2229 633 2316 cognitione
662 2229 796 2315 positum
827 2251 907 2306 esse,
936 2233 973 2294 ut
994 2251 1028 2293 ea
1051 2239 1081 2293 et
1103 2230 1195 2294 initio

186 2361 248 2426 fero
278 2365 361 2426 totos
390 2383 446 2427 nos
476 2383 639 2448 occuparo,
668 2365 699 2427 et
722 2362 760 2426 ad
783 2366 948 2427 extremum
974 2383 1070 2447 usqne
1092 2363 1194 2449 augeri

186 2500 394 2581 quantumquo
426 2494 499 2560 licet
533 2495 636 2582 perfici
672 2494 786 2561 debeat.
833 2495 1050 2562 Verumtamen
1081 2495 1195 2561 Graece

187 2627 264 2692 scire
287 2627 407 2706 conari,
427 2627 460 2693 id
482 2633 529 2692 ost
550 2626 657 2693 hahere
682 2628 757 2693 vello
778 2628 824 2706 id,
844 2629 910 2694 sine
929 2651 991 2715 quo
1009 2630 1042 2694 in
1062 2625 1111 2694 hia
1130 2634 1196 2696 stc-

189 2761 248 2826 diis
271 2757 350 2826 nlhil
372 2759 497 2826 efficias:
527 2761 579 2826 sed
602 2759 635 2825 id
658 2760 794 2826 noudum
818 2765 864 2827 est
887 2762 1057 2850 intelligere
1080 2762 1196 2828 Pinda-

187 2915 271 2971 rum,
301 2893 502 2981 Aeschylum,
532 2893 721 2982 Sophoclem.
767 2899 871 2980 Atque
900 2896 997 2983 ipsius
1022 2895 1196 2984 linguarum

188 3027 331 3094 scientiae
354 3050 422 3116 pars
444 3029 545 3094 minor
566 3051 583 3093 a
605 3029 871 3116 grammaticorum
891 3030 1114 3096 commentariis
1135 3030 1196 3116 peti

190 3166 304 3250 potest:
331 3160 472 3249 ploraque
498 3183 535 3226 ex
557 3161 632 3249 ipsis
655 3160 857 3248 scriptoribus
880 3167 1021 3248 paratur,
1044 3159 1199 3239 hauritur,

188 3297 362 3384 percipitur.
410 3295 527 3360 Horum
561 3301 592 3360 et
626 3317 709 3360 meus
740 3301 771 3360 et
800 3295 897 3359 oratio
928 3294 1129 3382 intelligenda
1152 3300 1199 3360 ert

190 3430 354 3516 conjuncto
376 3435 407 3496 et
428 3430 515 3516 quasi
538 3451 600 3495 uno
623 3429 741 3494 studio:
764 3450 821 3494 uec
839 3430 990 3514 quomodo
1007 3429 1101 3496 altura
1116 3435 1198 3495 recte

189 3573 221 3628 ct
250 3564 337 3652 plene
367 3562 501 3649 intelligi
527 3564 641 3650 possit,
663 3563 689 3627 ai
713 3561 805 3627 altera
829 3561 1021 3650 negligatur,
1046 3561 1120 3628 mihi
1144 3585 1196 3651 cp·

190 3705 281 3785 paret.
325 3695 445 3767 Quodsi
475 3696 545 3781 quia
575 3697 618 3761 ita
648 3695 706 3760 sibi
738 3695 944 3782 persuaderet,
978 3695 1056 3761 nihil
1079 3697 1112 3760 in
1136 3697 1198 3761 rita

190 3851 255 3896 esse
284 3827 484 3916 expetendum
503 3797 632 3915 'praeter
662 3827 785 3914 linguae
817 3829 949 3894 Graecae
972 3829 1146 3893 scientiam:
1169 3832 1200 3892 et

190 3967 263 4028 sunt
286 3968 388 4028 tamen
410 3962 470 4027 alia
493 3961 622 4046 majora:
645 3979 747 4027 vorum
772 3963 798 4026 si
821 3963 890 4046 quis
914 3959 972 4025 hoc
995 3961 1052 4026 sihi
1077 3981 1199 4050 persua·

192 4097 288 4162 deret:
319 4105 418 4162 morou
449 4101 572 4184 propter
603 4097 697 4182 ipsam
725 4094 808 4160 illam
832 4095 988 4160 scientiam
1013 4092 1139 4160 debehat
1161 4099 1198 4158 ad

192 4251 319 4296 amorem
343 4251 483 4307 suorum,
506 4228 543 4294 ad
566 4229 678 4320 patriae
701 4229 874 4310 caritatem,
897 4227 1117 4320 adjustitiam,
1137 4249 1199 4292 mo-
