2972 4974
344 507 385 568 98
751 519 952 566 aruorarro.

389 707 463 768 262.
507 702 568 768 απὸ
582 707 711 784 σμικροῦ.
747 700 918 766 Ahrensius
935 702 1038 766 vertit:
1050 724 1087 766 ex
1099 722 1241 789 parvare.
1265 699 1363 764 Prae-

345 826 406 885 stat
428 821 538 885 referre
559 819 596 884 ad
619 819 711 900 δόμα.

390 943 462 1004 262.
509 939 534 1003 δ’
562 937 599 1004 cta
628 937 737 1019 ἄρειας.
784 941 834 1003 Ita
866 937 1035 1004 Turnebus.
1081 939 1168 1004 Libri
1200 936 1364 1018 δαναρίαςι

342 1079 398 1123 nec
421 1080 488 1122 raro
510 1058 543 1122 in
567 1057 602 1122 M
626 1063 671 1122 est
693 1081 702 1122 ι
726 1079 781 1146 pro
804 1082 837 1124 ει.

390 1181 463 1241 264.
508 1175 641 1240 Timoris
664 1176 795 1261 alicujus
817 1199 879 1242 non
903 1199 1009 1264 expers
1033 1182 1078 1242 est
1098 1175 1234 1242 Chorus:
1259 1176 1298 1240 cf.
1324 1173 1365 1239 ad

347 1297 419 1360 103.
464 1293 580 1359 Verum
611 1316 678 1360 eum
712 1295 849 1359 timorem
878 1297 1048 1360 contemnit
1071 1296 1210 1373 Orestes,
1233 1316 1366 1382 respon-

346 1415 437 1490 dens,
460 1435 492 1479 se
514 1435 578 1480 esse
599 1415 711 1478 fretum
734 1415 887 1502 Apolline.

391 1538 464 1598 266.
509 1533 646 1610 γλώσσης
668 1531 766 1615 χάριν.
813 1533 964 1619 Linguam
989 1556 1051 1597 non
1076 1555 1278 1620 compescens.

391 1656 463 1719 272,
510 1649 561 1734 ὑφ’
584 1648 672 1733 ἧπαρ.
719 1651 882 1738 Comparat
914 1650 1113 1716 Blomfieldus
1142 1653 1249 1737 Agam.
1279 1653 1366 1725 792,

345 1770 437 1858 Soph.
458 1773 532 1835 Ant.
557 1773 643 1835 1315
667 1776 697 1835 et
721 1770 787 1834 alie.

390 1891 462 1957 273.
508 1893 558 1956 τοῦ
582 1887 692 1971 πατρὸς
714 1889 781 1962 τοὺς
805 1887 922 1964 αἰσίους.
969 1888 1100 1954 Brevius
1119 1909 1173 1976 pro
1196 1891 1247 1953 τοῦ
1270 1885 1366 1972 φόνου

344 2013 396 2074 τοῦ
418 2007 528 2089 πατρὸς
550 2007 617 2081 τοὺς
640 2007 756 2082 αἰτίους.

391 2129 464 2193 275.
510 2125 597 2191 Haeo
619 2148 682 2191 non
704 2127 747 2191 ita
778 2147 847 2190 enm
879 2124 1085 2213 superioribus
1116 2123 1295 2201 cohaerent,
1327 2127 1366 2189 ut

347 2247 519 2331 pertineant
546 2244 584 2309 ad
612 2245 751 2322 modum,
781 2267 842 2330 quo
871 2243 982 2331 Apollo
1014 2243 1150 2309 Orestem
1175 2243 1366 2330 supplicium

348 2362 384 2429 de
406 2365 465 2429 reis
488 2387 603 2430 numere
622 2365 778 2450 jussisset:
808 2385 914 2429 rernm
942 2363 1149 2450 significatur,
1176 2385 1236 2448 quo
1260 2364 1365 2427 animo

346 2488 424 2548 esset
440 2483 577 2561 Orestes,
600 2505 694 2568 quum
714 2483 768 2547 illa
784 2484 870 2569 jussa
890 2483 1055 2569 acciperet:
1075 2483 1171 2568 jussit
1190 2503 1251 2561 me,
1266 2502 1364 2565 quum

346 2602 473 2667 furerem
497 2607 654 2689 propterea
676 2599 758 2686 quod
791 2623 837 2666 me
859 2600 1040 2689 spoliatione
1063 2601 1208 2665 bonorum
1233 2599 1366 2665 multas-

346 2725 428 2798 sent,
450 2720 521 2786 illor
544 2722 725 2786 interficere.

393 2843 466 2906 278.
512 2839 666 2923 δύσφρονες
690 2843 764 2904 sunt
789 2839 869 2903 Deae
891 2838 1059 2924 Erinnyes‚
1090 2859 1168 2922 quae
1199 2859 1269 2902 mox
1294 2836 1365 2924 ipso

347 2958 470 3022 nomine
491 2963 715 3023 memorantur:
739 2979 838 3022 earum
863 2957 1057 3037 μειλίγματα
1081 2957 1114 3021 ἐκ
1137 2963 1195 3034 γῆς
1216 2960 1291 3021 sunt
1313 2957 1366 3021 in-

346 3075 536 3153 fertilitates,
569 3077 679 3160 quibus
709 3075 906 3141 vindicentur
937 3074 1057 3162 piacula
1086 3075 1190 3162 gravia
1222 3076 1367 3161 regisque

349 3193 454 3258 caedes
487 3192 606 3258 inulta:
640 3214 739 3280 neque
769 3215 845 3281 opus
876 3198 922 3258 est
956 3198 992 3258 nt
1025 3197 1160 3259 mutetur
1194 3194 1367 3280 scriptura,

347 3313 429 3397 quod
459 3311 600 3377 nonnulli
634 3312 813 3388 voluerunt,
845 3317 876 3377 et
900 3311 1018 3400 legatur
1040 3313 1216 3392 μηνίμασαε
1250 3313 1367 3400 quippe

347 3439 420 3497 sunt
441 3433 635 3513 μειλίγματα
653 3456 703 3498 eae
726 3455 855 3520 poenae,
876 3434 989 3518 quibus
1012 3455 1106 3519 quum
1131 3429 1273 3498 mortales
1297 3435 1365 3498 affi-

348 3552 488 3629 ciuntur,
507 3552 577 3618 illae
592 3552 675 3618 Deae
694 3552 852 3639 placantur
871 3558 902 3618 et
920 3553 1071 3641 gaudent:
1095 3552 1366 3620 cf.Eumen.107.

347 3671 449 3736 Aliam
483 3671 715 3759 explicationem
751 3669 827 3736 milri
859 3672 1017 3758 proposuit
1052 3671 1161 3757 aliquis
1196 3694 1232 3737 ex
1256 3672 1365 3737 amicis

347 3791 438 3869 meis,
469 3795 504 3855 ut
534 3789 575 3856 σα
606 3791 639 3856 ἐκ
661 3799 718 3867 γῆς
746 3796 847 3856 essent
869 3795 1034 3877 proventus
1056 3794 1171 3880 terrae:
1206 3812 1274 3854 eum
1298 3791 1365 3856 lore

346 3906 600 3974 oblectamentum
624 3907 779 3973 hostium:
807 3907 863 3972 hos
886 3910 967 3973 enim
989 3902 1155 3995 significari
1180 3907 1364 3991 δύσφροναςε

347 4047 420 4114 ergo
451 4028 514 4092 fore
543 4026 623 4092 bello
657 4027 792 4114 regionis
824 4027 1042 4104 vastationem,
1075 4024 1177 4091 hostes
1207 4025 1364 4112 rapiendis

345 4147 442 4210 terrae
463 4144 615 4211 fructibus
639 4145 823 4212 oblectatum
845 4145 894 4210 iri.

391 4267 464 4331 279.
509 4264 565 4338 σας
588 4265 618 4330 δὲ
640 4266 699 4346 νῷν.
747 4264 943 4331 Hermannus
966 4263 1022 4337 τὰς
1045 4264 1069 4328 δ’
1089 4264 1180 4329 αἰνῶν.
