2972 4974
348 483 411 545 182
751 496 949 546 aurorurro.

391 683 464 745 518.
510 681 559 745 οὑκ
589 677 687 761 ἔχοιμ’
717 677 754 745 ἂν
784 679 912 747 aiecium.
960 679 1034 746 Nou
1063 679 1212 766 dispicere
1233 701 1360 766 possum

346 798 420 864 baec
452 799 547 876 dona,
578 819 685 885 nempe
714 819 775 883 quo
807 798 936 863 coneilio
959 799 1051 863 missa
1073 799 1189 864 fuerint
1211 798 1260 865 vel
1281 798 1361 883 quid

346 917 586 1002 Clytaemnestra
617 917 657 982 iis
687 916 847 982 mittendis
867 919 1055 1004 spectaverit.
1101 918 1162 983 Pro
1183 917 1257 983 ralla
1279 940 1361 982 non-

344 1035 423 1101 nulli
454 1035 535 1114 ro'dc‚
564 1035 667 1121 ibique
697 1057 813 1100 comma
837 1042 972 1123 ponunt,
994 1042 1025 1101 et
1047 1041 1118 1124 poet
1140 1037 1216 1118 acta
1238 1059 1361 1102 comrma

345 1154 454 1220 delent.
489 1153 685 1220 Robortellua
720 1154 810 1220 habet
843 1156 976 1234 rdda‚G
999 1155 1087 1234 τάδε,
1108 1156 1142 1221 in
1165 1156 1202 1220 Μ
1224 1157 1297 1222 τάδε
1318 1179 1359 1221 on

341 1273 407 1338 τάδε
429 1276 481 1337 aut
502 1271 561 1338 hoo
584 1295 622 1340 ex
647 1272 702 1337 illo
724 1274 838 1339 factum
862 1296 927 1340 eoae
951 1275 1030 1340 dicit
1054 1274 1255 1340 Hermannas.

388 1395 461 1457 519.
507 1391 589 1468 μείω.
634 1391 670 1456 Μ
693 1397 723 1458 et
747 1393 776 1458 G
799 1392 888 1470 μέσω.
932 1391 1116 1457 Emendavit
1139 1393 1310 1458 Turnebus.

390 1515 462 1576 520.
507 1511 554 1576 Of.
589 1515 631 1576 48
666 1512 697 1576 ri
731 1513 791 1592 yolo
820 1513 923 1594 λύτρον
951 1513 1087 1586 πεσόντος
1110 1509 1237 1593 ainardo
1261 1512 1359 1594 πέδῳ;

344 1635 375 1696 et
396 1634 504 1718 Agam.
530 1633 615 1696 1018

608 1749 642 1814 τὸ
668 1747 692 1812 3²
714 1749 763 1814 ἐπὶ
786 1754 847 1827 πᾶν
865 1749 954 1815 πεσὸν
975 1745 1063 1825 ἅπαξ

606 1865 765 1947 θανάσιμον
786 1866 947 1950 προπάροιθ’
970 1867 1068 1950 ἀνδρὸς

608 1986 705 2064 μέλιιν
727 1981 807 2062 alac
829 1987 874 2058 τίς
897 1985 934 2052 ἂν
957 1986 1047 2052 πάλιν

606 2103 807 2180 ἀγκαλέσαιτ’
829 2103 985 2182 &accidua

387 2225 459 2286 522.
505 2220 610 2286 θέλοντι
634 2223 671 2288 l’.
717 2221 890 2288 Scholiasta
917 2223 1073 2289 auaui
1097 2225 1148 2288 τοῦ
1174 2221 1243 2303 adp.
1292 2223 1358 2288 Sed

340 2346 421 2405 recte
446 2340 508 2424 jam
542 2340 620 2406 vidit
650 2341 823 2427 Stanlejus‚
846 2342 904 2407 boe
928 2341 1066 2408 scholion
1088 2365 1150 2409 non
1173 2341 1234 2407 huo
1258 2344 1359 2429 perti-

340 2479 426 2535 nere,
448 2481 550 2524 verum
571 2460 608 2524 ad
631 2460 704 2538 μείω
722 2459 755 2525 δ’.

386 2581 458 2642 522.
505 2578 576 2657 ἐμοὶ.
619 2579 659 2644 Ιιι
694 2579 728 2644 M
756 2586 787 2645 et
811 2580 841 2644 G
864 2603 886 2644 ιι
908 2602 999 2666 sopra
1022 2605 1036 2644 ε
1058 2580 1204 2666 scriptum
1228 2584 1295 2655 est,
1319 2585 1358 2644 ut

342 2698 568 2785 significaretur
587 2693 668 2763 clatet
686 2721 743 2777 uc.

344 2865 348 2872 -
387 2819 460 2882 523.
504 2839 529 2880 π
550 2824 591 2898 ρῆ.
637 2817 791 2883 Nonnulli
815 2825 918 2897 πιιρῆι.
964 2816 1051 2882 Libri
1073 2814 1167 2896 πιὶρει.

387 2939 459 3000 524.
504 2935 688 3013 πεπαλμένη.
733 2935 779 3000 Of.
802 2937 877 2999 410.

387 3058 459 3119 528.
505 3061 563 3120 ποῖ.
610 3053 772 3119 Victorius
806 3043 918 3138 aliique
953 3061 1002 3127 πῆ.
1050 3051 1138 3118 Libri
1168 3059 1225 3116 ποῖ.
1264 3053 1357 3120 Wal-

339 3172 458 3237 lauerns
481 3171 566 3238 edere
590 3171 688 3238 voluit
711 3179 775 3251 ποῖ,
798 3177 833 3236 ut
854 3193 891 3236 ex
911 3171 976 3256 ejus
995 3171 1192 3236 annotatione
1209 3177 1357 3258 apparet,

339 3295 493 3356 ettamen
515 3291 613 3358 edidit
635 3299 686 3367 πῆ.

384 3414 456 3476 529.
501 3410 632 3489 ὁρμῆσαι.
678 3401 729 3474 Ita
762 3411 918 3476 Porsonus
948 3408 1075 3494 aliique:
1111 3407 1183 3474 libri
1213 3409 1354 3488 ὁρμίσαι,

336 3529 428 3614 idque
457 3533 562 3595 tuetur
590 3527 805 3605 Hermannua,
835 3526 1004 3594 secundum
1027 3525 1228 3593 Abreachium
1252 3528 1355 3596 inter-

336 3653 458 3735 pretans
490 3648 716 3733 significatione
737 3646 930 3732 quiescendi,
954 3646 1066 3712 collato
1090 3645 1245 3732 Hesyobio
1269 3646 1354 3730 ὅρμι-

334 3789 398 3843 πιν,
433 3766 615 3845 ἀνάπαυσον,
649 3768 690 3840 εἰς
726 3764 809 3848 ὅρμοι
844 3765 976 3833 adorata.
1023 3764 1213 3835 Wollauerus
1247 3767 1354 3834 edidit

335 3883 457 3968 quidem
481 3886 620 3966 ὁρμῆσαι,
643 3885 696 3950 sed
719 3883 787 3950 vult
807 3907 871 3950 osae
890 3908 906 3950 a
927 3884 1018 3952 verbo
1037 3883 1142 3964 ὅρμέιι,
1161 3883 1351 3966 ιιοιιὸρμιιω.

336 4001 451 4066 Verum
483 4025 539 4068 nec
572 4001 675 4084 δρριίζιι
698 4025 754 4068 uec
777 4003 866 4085 ὁρμέιι
889 4009 935 4068 eat
958 4003 1164 4068 commodum:
1183 4005 1352 4072 manifesto

333 4123 435 4186 motus
466 4121 606 4186 draconis
633 4123 841 4209 significatur:
870 4123 914 4187 aio
938 4143 1059 4207 quoque
1083 4125 1225 4188 convenit
1248 4125 1349 4191 inter·
1480 4135 1481 4142 ’

332 4239 450 4327 rogatio
471 4242 551 4318 530,
574 4239 601 4305 oi
621 4239 739 4306 Chorua
754 4241 818 4326 jam
837 4246 953 4306 motum
972 4241 1103 4327 aliquem
1123 4247 1154 4306 et
1173 4243 1348 4329 appetitum
