2972 4974
578 505 776 553 auuorfflo.
1121 491 1185 553 178

167 688 259 752 Idem
284 688 449 773 conjecisse
468 687 614 753 Bothium
640 691 727 755 video
750 690 829 778 apud
853 689 1068 755 Welleuerum.
1106 689 1187 754 Hea-

167 807 258 872 thius
294 809 394 872 miuus
430 808 503 872 bene
537 809 668 894 conjecit
702 811 840 892 αἰσχρῶς.
886 809 1007 896 Quippe
1041 811 1185 894 injustam

167 927 267 990 fuisse
299 927 558 992 venundationem
591 949 681 992 causa
703 929 842 1005 additur,
872 951 964 1013 quum
994 931 1071 991 esset
1092 930 1188 1014 patris

167 1044 280 1110 liberi:
315 1046 469 1132 signifieat
492 1047 600 1122 tacite,
631 1069 687 1111 ueo
714 1048 847 1134 apertius
870 1047 929 1134 ipsi
953 1047 1042 1110 matri
1066 1047 1186 1134 roganti

167 1164 395 1250 explicaturus,
427 1188 457 1228 se
491 1166 647 1230 venditum
681 1189 744 1230 esse
776 1189 791 1229 a
817 1171 925 1243 matre,
955 1165 1084 1252 pretium
1109 1168 1187 1230 ecci-

168 1284 277 1370 piente
299 1305 427 1347 amorem
453 1282 594 1370 Aegisthi
619 1291 648 1348 et
673 1283 877 1348 concubitum.

221 1405 293 1466 916.
336 1409 429 1481 τῖμος.
476 1402 513 1464 ιιι
538 1401 574 1464 M
597 1412 724 1466 accentu
749 1411 837 1467 caret.

220 1525 292 1586 917.
337 1544 395 1585 σου.
441 1521 493 1585 Sic
514 1519 594 1585 libri.
630 1521 777 1586 Oantcrus
800 1546 850 1586 σοι.
887 1523 953 1586 Nec
974 1543 1044 1586 saue
1065 1521 1186 1585 dativus

168 1647 254 1703 esset
276 1639 493 1704 incommodus.
541 1640 652 1704 Tamen
674 1641 829 1726 genitivus
852 1638 931 1702 hauc
955 1638 1186 1727 explicationem

169 1757 325 1834 admittit,
357 1763 391 1822 ut
411 1759 559 1844 jungatur
583 1780 651 1821 cum
676 1756 763 1824 τοῦτ’.
809 1757 909 1822 Pudet
934 1780 996 1834 me,
1021 1758 1078 1822 hoc
1100 1763 1188 1824 tuum

170 1875 369 1962 opprobrium
395 1881 495 1962 aperte
519 1897 667 1940 accusare.
715 1876 863 1940 Similiter
886 1875 1025 1961 Thucyd.
1049 1877 1067 1940 I
1091 1881 1134 1940 84
1157 1876 1190 1941 τὸ

171 1995 269 2076 βραδὺ
291 1995 342 2060 και
365 1994 488 2073 μέλλον,
511 1992 524 2059 ὃ
548 1996 719 2078 utebamur
741 1995 879 2074 urinum
902 1999 989 2074 ἡμῶν.

221 2117 293 2178 918.
343 2114 432 2178 Licet
453 2112 510 2178 tibi
537 2114 699 2201 exprobare
721 2112 796 2178 mihi
820 2137 917 2178 meum
943 2113 1083 2201 Aegisthi
1109 2137 1189 2178 anro-

171 2255 253 2310 rem‚
284 2232 335 2298 sed
359 2233 473 2297 similes
497 2232 584 2297 etiam
615 2233 710 2320 patris
733 2234 780 2297 tui
804 2255 920 2298 errores
943 2234 1035 2299 luisse
1060 2235 1190 2300 ιιιειιιι.

220 2354 293 2416 919.
339 2350 424 2415 Bella
455 2350 631 2439 gerentibus
662 2359 692 2416 et
716 2351 832 2417 laborer
856 2352 1076 2438 perferentibus
1100 2353 1188 2418 venia

172 2469 275 2554 aliqua
298 2469 396 2534 danda
419 2475 464 2535 est
488 2493 503 2534 a
528 2469 722 2548 mulieribus,
751 2493 827 2555 quae
850 2470 930 2534 domi
956 2471 1062 2536 sedent
1085 2475 1114 2536 et
1140 2495 1191 2558 pe-

172 2588 280 2654 riculis
304 2588 518 2673 laboribusque
541 2595 662 2653 carent:
687 2611 782 2674 eoque
806 2590 917 2676 magis,
940 2613 1032 2674 quum
1060 2590 1114 2654 viri
1136 2613 1188 2677 per

172 2708 291 2774 labores
316 2708 385 2772 illos
409 2708 532 2774 divitius
556 2709 659 2774 domui
683 2709 889 2794 uxoribusque
912 2716 1070 2794 quaeruut.

221 2832 295 2891 924.
340 2827 436 2899 κύνας.
472 2827 577 2892 Furias
604 2829 766 2912 siguificat.
790 2827 836 2891 Or.
853 2830 954 2906 1054,
977 2827 1103 2892 Flumen.
1118 2832 1190 2891 246.

221 2949 294 3010 926.
340 2947 442 3026 θρηνεῖν
474 2946 542 3026 πρὸς
576 2945 698 3024 τύμβον.
746 2945 910 3010 Proverbio
945 2946 1061 3011 dictum
1097 2946 1191 3012 fuisse

174 3065 264 3128 docet
288 3063 458 3129 scholiasta.
504 3064 587 3150 Ergo
610 3065 765 3149 signifieat
788 3063 901 3128 frustra
924 3085 1023 3142 orare,
1048 3065 1191 3148 quemad·

173 3184 297 3250 modum
321 3183 457 3248 tumulus
480 3189 635 3268 precantes
660 3205 720 3246 nou
744 3182 840 3246 audit.

220 3307 293 3368 927.
339 3301 464 3384 σούρίζει.
510 3303 562 3366 Sic
584 3301 776 3366 Wellauerus
807 3301 919 3386 aliique
948 3301 1126 3380 ediderunt,
1157 3309 1191 3367 ut

173 3425 214 3487 sit
238 3445 294 3509 pro
316 3445 358 3487 rur
381 3421 479 3504 ὄριζειε
504 3421 618 3507 deque
638 3422 845 3485 contractione
865 3419 1002 3484 videatur
1028 3418 1191 3501 Matthiae,

174 3543 308 3606 Gramm.
333 3541 418 3605 Tom.
442 3542 459 3604 I
482 3563 510 3626 p.
533 3541 604 3604 123.
639 3537 725 3604 Libri
750 3542 778 3603 ι’
799 3537 887 3620 ὂριζει.
923 3537 1097 3622 Aliquando
1119 3560 1191 3603 oon·

171 3662 298 3746 jericus
322 3658 418 3740 κτίζει.
453 3659 499 3723 Of.
523 3661 607 3736 441,
631 3680 765 3744 quaeque
788 3657 830 3721 ibi
854 3657 1005 3720 annotavi.

221 3783 295 3844 928.
342 3778 366 3844 ol
389 3779 455 3856 ἐγὼ.
500 3777 548 3843 Ex
579 3777 685 3842 libris:
720 3777 850 3843 editores
882 3776 970 3840 multi
995 3775 1020 3840 cl
1042 3777 1102 3853 pe.
1144 3776 1191 3842 Oi.

178 3903 241 3962 691
267 3905 297 3962 et
322 3901 395 3962 893.
442 3899 538 3974 Sunt,
560 3897 613 3982 qui
637 3895 862 3982 transponenda
885 3895 991 3960 ultima
1015 3894 1106 3979 hujus
1127 3915 1191 3957 ver·

177 4041 230 4082 sus
260 4017 352 4082 verba
378 4021 503 4102 putent,
533 4013 591 4080 hoo
615 4015 718 4091 modo,
749 4013 822 4080 τόνδ’
849 4011 1012 4095 ἐθρεψάμην
1037 4012 1118 4096 ὄφιν,
1143 4034 1192 4076 ve-

177 4157 244 4200 rum
288 4135 325 4199 de
365 4136 535 4220 quantitate
576 4134 751 4221 posterioris
785 4131 917 4217 syllabae
950 4129 1089 4196 vocabuli
1128 4129 1193 4212 ὄφις

178 4253 217 4318 ct
242 4257 314 4318 544.
