2956 4974
552 451 753 495 nuscanum.
1112 433 1152 494 79

193 639 241 700 23.
287 635 340 700 σὺν
359 633 470 713 κτύπῳ.
517 633 676 698 Mediceus
700 632 881 709 συγκύπτωι.
928 631 982 699 Οἱ,
999 629 1156 694 annotatio

152 753 186 817 ad
209 758 280 818 492.
323 751 580 836 Guelferbytanus
600 751 652 816 σὺν
676 751 787 832 athap.
830 750 1027 816 Robortellus
1049 746 1157 825 συγκό-

151 896 222 937 are.
259 871 431 937 Scholiasta
455 870 588 957 explicat
611 870 663 935 σὺν
686 871 808 950 κοπετῷ.

192 994 242 1054 24.
287 990 404 1072 φοινίοις
416 991 577 1068 ἀμυγμοῖς.
603 989 760 1054 Mediceus
773 984 1157 1070 oolvrwapawamuuel-

151 1107 321 1193 ferbytanus
344 1107 482 1190 poleam
505 1115 649 1186 pappole.

194 1231 244 1292 26.
288 1227 312 1292 δ’
335 1227 475 1305 ἰυγμοῖσι.
521 1225 609 1290 Libri
640 1225 803 1303 διοιγμοῖσι.
848 1219 1037 1288 Abreschius
1059 1220 1159 1287 voluit

155 1345 314 1423 αἶαγμοῒσι.
1074 1429 1077 1436 Ι

194 1465 244 1528 81.
287 1462 514 1542 πεπληγμένων.
550 1461 695 1547 Intelligc
715 1463 811 1539 ἡμῶν,
834 1481 890 1524 nec
908 1457 1062 1546 genitivus
1085 1479 1159 1544 pen·

154 1579 201 1644 det
223 1603 240 1644 a
262 1581 397 1660 πέπλων,
419 1583 472 1646 sed
495 1585 541 1645 est
564 1578 798 1644 absolutus.0
800 1580 885 1643 [80
908 1576 1081 1662 φερομένων.
1123 1561 1129 1576 ’

195 1701 244 1761 32.
288 1698 391 1762 Libri:
414 1721 462 1778 τορ
463 1696 575 1779 ὸςγόιρ
598 1697 762 1779 Φοῖβοςόρθ
764 1694 847 1775 ρθρ.ιξ
880 1694 1082 1778 Turnebus&
1083 1693 1159 1771 Ἡβρς

155 1815 290 1882 Editores
324 1818 460 1904 plerique
488 1817 567 1898 τορὸς
597 1816 656 1896 γὰρ
684 1814 802 1896 ὀρθόθριξ
831 1814 941 1900 φόβος,
976 1813 1158 1898 etquidem

157 1941 306 2000 mutarunt
292 1939 370 2000 t35
396 1959 459 2015 περι
449 1934 581 2019 φόβῳ,
605 1935 642 1998 ad
663 1941 726 1999 evtr
703 1934 833 1998 tendam
853 1934 1075 1998 incommodam
1087 1955 1161 1998 con·-

156 2055 259 2118 alruct'
251 2076 348 2118 ionem
368 2053 516 2238 όφάβοςέ
516 2068 591 2118 auae
621 2053 684 2134 περὶ
715 2052 841 2132 φά.βω
858 2051 1051 2116 Hermannus
1082 2051 1160 2132 τορὸς

156 2169 182 2234 δὲ
201 2172 383 2255 φοιτρςόρθό
383 2170 512 2252 labb
491 2171 661 2237 Scholiasta
683 2171 793 2257 legisse
816 2171 939 2234 omniuo
962 2170 1083 2236 videtur
1105 2167 1160 2254 φ

157 2288 223 2368 βας,
244 2292 279 2356 ad
304 2295 344 2356 35
370 2297 521 2356 annotans
544 2295 764 2356 ἀνριλρικεῑν-
793 2289 922 2364 ἐποίησεν
944 2288 1161 2372 incollecti-

158 2407 227 2484 βρςι
248 2416 277 2475 et
298 2413 399 2497 prins,
423 2409 557 2487 scholio,
579 2410 662 2495 quod
687 2416 769 2474 recte
792 2411 940 2496 separavit
970 2410 1161 2487 Dindorfius‚

158 2528 226 2610 quia
245 2529 277 2592 in
300 2529 440 2593 Mediceo
463 2529 711 2614 interpunctione
735 2529 912 2593 distinctum
938 2533 998 2604 est,
1022 2533 1161 2609 περισσῶς

158 2646 195 2726 τῷ
216 2646 317 2728 phlip:
340 2647 420 2711 forte
442 2648 475 2712 rb
496 2645 599 2730 φόβῳε
622 2653 703 2712 certe
721 2648 895 2734 significare
918 2647 1055 2724 videtur,
1077 2667 1161 2733 rope·

158 2762 288 2828 titionem
321 2764 462 2829 vocabuli
493 2763 654 2830 abundare.
700 2766 837 2840 Restitui
867 2766 1046 2852 scripturam
1067 2763 1160 2829 libro-

159 2897 236 2958 rum3
257 2883 366 2966 quodsi
386 2882 538 2967 jambicos
558 2881 684 2946 dimeter
703 2882 890 2968 postulatur,
912 2883 1012 2946 facilis
1031 2882 1161 2947 mutatio

159 2997 228 3075 erit,
247 3005 282 3064 ut
304 3021 359 3086 pro
382 2999 442 3082 γὰρ
460 3001 612 3065 scribatur
630 3003 663 3078 γ’
682 2998 748 3080 ἄρα,
782 3002 885 3087 Ipsius
904 2997 1020 3066 Phoebi
1039 3001 1162 3066 nomine

159 3114 342 3202 significatur
377 3119 566 3205 praesagium
600 3117 638 3183 ab
668 3118 724 3184 illo
755 3121 880 3184 missum
911 3141 963 3205 pen
989 3119 1161 3185 somnium:

160 3231 277 3300 clamare
310 3235 442 3312 dicitur,
477 3258 568 3320 quum
601 3236 858 3322 Clytaemestrae
892 3241 1014 3323 propter
1047 3243 1161 3304 metum

161 3349 308 3420 clamorem
344 3357 533 3442 expresserit.
581 3357 649 3422 Nec
683 3357 749 3420 sinc
782 3377 892 3442 magna
926 3356 1075 3442 gravitate
1097 3355 1159 3441 jam

43 3477 44 3495 ¹
161 3469 268 3540 Chorus
290 3474 369 3540 illud
390 3475 578 3561 praesagium
596 3474 706 3540 tribuit
725 3473 878 3562 Apollini,
901 3476 953 3558 qni
977 3495 1039 3538 non
1062 3474 1159 3540 solum

161 3588 291 3660 Orestem
322 3594 359 3658 ad
392 3593 540 3660 ultionem
570 3592 710 3680 impulit,
739 3599 776 3658 ut
804 3597 926 3680 apparet
949 3595 1012 3658 269
1036 3597 1067 3658 et
1088 3591 1160 3658 alibi

161 3727 206 3794 per
225 3717 319 3777 totam
343 3711 546 3800 tragoediam,
568 3733 673 3778 verum
696 3713 785 3776 etiarn
808 3715 871 3776 815
894 3712 1072 3798 gravimimo
1096 3732 1161 3776 car·

161 3827 233 3894 mine
264 3835 405 3894 eventum
439 3830 604 3896 instantem
629 3826 748 3895 Chorus
783 3829 826 3894 ita
859 3830 959 3907 canit,
991 3835 1029 3895 ut
1051 3828 1161 3895 similia

162 3943 211 4010 alia
239 3947 341 4014 lutura
362 3947 555 4034 praedicens,
588 3946 672 4014 hunc
697 3969 818 4033 quoque
839 3951 981 4014 eventurn
1004 3948 1064 4034 ipsi
1086 3947 1161 4033 015-

163 4065 348 4132 laemusstrae
371 4065 408 4130 ab
427 4065 571 4153 Apolline
591 4067 750 4154 perspicue
772 4071 860 4132 antea
881 4067 1089 4152 significatum
1106 4066 1161 4132 sed

162 4180 194 4246 ab
214 4183 266 4250 illa
288 4207 348 4249 non
372 4184 564 4250 intellectum
586 4185 736 4272 respiciat.
