2956 4974
597 464 796 512 nuuornrro.
1162 449 1202 511 77

212 648 289 734 Apud
317 647 493 735 lmripidem
524 647 642 713 Chorus
673 650 821 714 Alcestim
845 653 995 713 mortuam
1017 669 1203 734 prosequens

213 771 278 832 tos:

725 886 857 970 πρόφρων
880 911 914 951 σε

392 1002 504 1085 χθόνιός
527 1005 552 1068 l'
576 1007 685 1086 Ἐρμῆς
705 1005 805 1080 Ἅιδης
828 1029 863 1070 τε
885 1004 1001 1085 δέχοιτ’.

248 1127 272 1187 1.
315 1124 490 1190 ἐποπτεύων.
536 1123 610 1189 Non
641 1145 694 1210 pro
727 1123 1142 1200 1111111111111111111111,
1169 1127 1205 1187 ut

206 1243 240 1306 sit
256 1239 408 1328 epitheton
430 1243 577 1307 Mercurii
596 1248 627 1308 et
646 1266 718 1307 cum
733 1243 830 1323 χθόνιε
850 1242 1110 1328 conjungendum:
1132 1263 1204 1306 oon-

200 1361 379 1448 jungendum
409 1366 456 1426 est
486 1382 553 1425 oum
578 1361 789 1446 sequentibus:
813 1363 855 1425 sis
878 1367 1012 1426 servator
1034 1359 1127 1438 mihi,
1149 1382 1204 1425 cu-

202 1501 263 1544 ruos
295 1481 470 1567 imperium,
505 1481 586 1564 quod
621 1483 715 1567 petris
743 1481 802 1545 mei
826 1482 886 1545 luit
908 1479 1043 1566 mihique
1067 1479 1200 1546 debetur.

204 1597 327 1662 (1111
351 1605 382 1663 et
407 1602 480 1662 583.

241 1721 268 1780 s.
313 1717 405 1782 111111
429 1739 546 1782 versum
570 1722 600 1780 11
622 1723 796 1802 sequentem
817 1739 835 1781 a
854 1715 970 1781 Thomu
990 1717 1139 1804 Magistro
1156 1718 1200 1782 11-

206 1834 268 1899 lerri
288 1836 407 1900 monuit
429 1835 627 1900 Abreschius.

244 1957 270 2016 4.
312 1955 392 2036 τῷδε.
442 1955 536 2018 Dedit
560 1951 1203 2040 11111111111111111111111111111111

206 2070 320 2158 vulgato
342 2070 414 2136 ratde
437 2095 484 2150 γε.

246 2195 272 2255 6.
315 2191 408 2278 Apud
428 2191 594 2256 Homerum
615 2190 752 2256 Achilles
766 2193 864 2256 crines
879 2190 971 2266 11111,
993 2191 1119 2256 daturus
1132 2211 1201 2277 pro-

206 2310 302 2375 missos
332 2311 482 2398 Spercheo
510 2311 604 2375 fluvio
635 2316 705 2396 post
727 2309 860 2375 reditum
883 2333 899 2374 e
922 2310 1017 2375 bello:
1040 2332 1144 2376 verum
1168 2333 1201 2374 se

204 2448 258 2492 nou
282 2431 449 2494 rediturum
481 2429 657 2516 intelligens
692 2428 744 2493 dat
772 2428 843 2493 illos
875 2428 1015 2493 Patroclo
1047 2430 1143 2492 emico
1167 2430 1201 2494 in

205 2548 357 2630 exsequiis:
389 2551 419 2611 et
448 2546 558 2630 reliqui
589 2548 678 2610 arnici
706 2546 880 2612 Patroclum
904 2548 967 2612 suis
991 2545 1128 2612 crinibus
1151 2567 1201 2610 or-

204 2671 283 2728 nant:
306 2665 344 2729 Il.
364 2675 394 2730 Ψ
417 2669 478 2730 135
503 2687 583 2750 seqq.
633 2665 693 2729 Hic
716 2687 786 2730 vero
810 2666 934 2730 Orestes
951 2675 1115 2749 utrumque
1134 2687 1201 2751 per·

203 2781 274 2862 deit,
302 2787 400 2850 ferens
431 2792 462 2850 et
490 2785 606 2850 Inacho
638 2791 734 2849 terrae
757 2786 871 2872 putrise
893 2785 988 2852 fluvio
1008 2786 1201 2861 cincinnum,

202 2905 228 2963 et
247 2905 337 2988 putris
355 2904 388 2967 in
407 2903 527 2968 tumulo
546 2925 628 2968 nunc
648 2925 764 2989 ponens
784 2926 866 2982 eum,
884 2925 975 2988 quem
994 2904 1026 2967 in
1046 2902 1198 2986 exsequiis

201 3017 262 3086 dure
283 3045 341 3086 non
366 3019 513 3110 potuerat.
548 3021 726 3109 Exemplum
748 3021 897 3099 Achillis,
917 3022 998 3106 quod
1016 3043 1053 3086 ex
1067 3021 1201 3085 Homero

201 3135 277 3218 dedi,
288 3140 393 3205 attulit
400 3141 462 3225 jam
475 3139 641 3225 Stnnlejm,
653 3139 832 3226 addiditque
844 3144 925 3205 recte
937 3138 1028 3226 Soplr.
1040 3140 1089 3223 nj.
1102 3141 1200 3204 1111.

239 3263 265 3323 8.
308 3259 458 3325 Similiter
480 3259 560 3346 apud
585 3259 760 3344 Euripidem
784 3261 922 3345 queritur
945 3257 1092 3336 1111111111,
1115 3258 1197 3342 qnod

62 3397 64 3428 ³
198 3374 357 3444 1111111111
380 3379 539 3462 exsequias
563 3399 622 3442 non
647 3379 812 3442 comitatus
836 3378 893 3441 sit:

390 3497 447 3562 οὐδ’
469 3495 598 3573 ἐξέτεινα
620 3499 696 3578 χεῖρ’
718 3495 889 3577 ἄποιμώζων
912 3495 984 3574 ἐμὴν

390 3613 557 3681 δέσποιναν·

197 3731 258 3798 nlo.
282 3739 356 3802 785.
402 3735 493 3808 Quod
530 3756 600 3800 vero
631 3735 769 3819 queritur
797 3731 936 3810 Orestes,
967 3755 998 3797 se
1020 3753 1142 3797 manum
1166 3733 1197 3796 in

197 3855 284 3936 putris
306 3854 459 3939 exsequiis
482 3875 543 3918 non
566 3854 754 3930 extendisse,
772 3852 804 3917 id
825 3851 961 3950 Achilles
981 3851 1122 3916 Patroclo
1142 3851 1199 3916 tri-

197 3967 274 4049 buit,
304 3977 398 4059 ceput
427 3971 492 4058 ejus
522 3977 644 4050 tenens,
671 3993 766 4056 quum
796 3971 960 4036 efferretur.
1005 3971 1065 4035 Pro
1088 3971 1197 4054 ἐκφορᾷ

197 4088 302 4166 codex,
333 4113 370 4155 ex
398 4113 458 4174 quo
482 4089 555 4154 heeo
581 4091 759 4155 Diodorfius
783 4088 928 4176 protulit,
952 4086 1043 4154 habet
1062 4087 1196 4171 ἐκφορὰν.

239 4212 286 4273 12.
332 4207 490 4290 eplerosque.
537 4210 632 4274 Recte
655 4209 809 4294 Stunlejus
832 4215 949 4283 mouet,
979 4229 1043 4274 esse
1068 4206 1197 4272 vocubu-
