2956 4974
305 457 323 518 7
328 458 347 516 2
596 471 861 517 rurrnraurstuo
884 475 1017 518 11111111.

304 677 382 722 arem
406 655 483 720 verti
505 675 553 718 me
572 653 665 737 jussit
685 653 805 740 Apollo.
840 653 925 718 Haec
941 655 1107 740 aliqnando
1125 657 1202 722 mihi
1221 657 1316 722 etiam

205 783 291 845 1040
304 777 409 840 testari
441 779 568 838 cunctos
596 773 729 858 Argivos
759 772 870 858 jubeo,
903 775 1055 858 quomodo
1086 775 1163 842 mala
1194 782 1319 864 peraeta

304 895 376 959 sint.
418 891 485 978 llgo
516 889 716 976 vagabundus
745 895 776 955 et
807 913 843 956 ex
871 889 929 956 hcc
952 898 1033 958 terra
1054 895 1202 982 profugus
1225 897 1318 961 uivus

304 1015 500 1094 mortuusque
523 1007 602 1072 hanc
625 1009 734 1073 fernam
757 1009 918 1095 reliquero.

352 1130 421 1194 eto.
474 1127 582 1192 Verum
617 1148 711 1211 quum
740 1132 822 1192 recte
853 1129 972 1204 fecisti,
1002 1129 1067 1194 noli
1098 1129 1186 1194 malis
1213 1129 1317 1195 verbis

304 1250 459 1313 innectere
488 1244 626 1332 linguam
656 1265 713 1310 noc
740 1245 873 1310 infauste
901 1245 1001 1330 loqui,
1024 1268 1116 1331 quum
1140 1246 1316 1313 liberaveris

306 1370 401 1431 totam
425 1365 611 1450 Argivorum
633 1363 753 1440 orbem,
776 1363 903 1428 duorum
930 1365 1094 1430 draconum
1118 1367 1248 1454 impigre
1261 1366 1316 1430 ab·

251 1527 253 1534 ‹
278 1535 282 1544 .
305 1484 386 1548 sciso
410 1483 516 1569 capite.

352 1604 401 1684 Or,
445 1598 497 1666 An
521 1598 572 1676 ah,
594 1599 738 1678 famulae,
763 1598 834 1665 illae
857 1600 1055 1688 Gorgonibns
1074 1601 1206 1675 similes,
1221 1603 1317 1667 fuscis

207 1725 292 1788 1050
305 1721 432 1786 tunicis:
463 1724 494 1784 et
523 1717 691 1804 implicitae
717 1719 926 1804 frequentibus
949 1719 1149 1786 draconibus:
1171 1743 1234 1786 non
1252 1721 1316 1806 jam

306 1861 363 1926 ego
387 1837 521 1904 manebo.

353 1957 422 2020 Oto.
467 1954 554 2026 Quae
587 1959 618 2018 te
650 1955 815 2042 imagines,
849 1978 867 2022 o
896 1956 951 2041 qui
982 1957 1156 2022 mortalium
1178 1960 1258 2045 patri
1283 1982 1315 2025 es

307 2075 497 2150 carissimus,
521 2072 664 2160 agitant?
688 2076 785 2140 retine
807 2078 839 2138 te
860 2097 937 2140 nere
954 2076 1044 2152 tiore,
1063 2099 1172 2164 magna
1186 2079 1318 2143 victoria

306 2199 467 2283 reportata

354 2315 403 2377 Or.
447 2311 521 2377 Non
553 2315 626 2376 sunt
655 2313 803 2398 imagines
833 2311 942 2377 horum
962 2313 1110 2378 malorum
1132 2313 1224 2378 mihi:
1248 2337 1319 2381 narn

311 2436 412 2520 aperte
434 2430 489 2496 hae
512 2435 585 2496 sunt
606 2431 713 2494 matris
732 2431 860 2496 infestae
882 2453 980 2498 canes.

353 2551 423 2614 cto.
467 2549 550 2615 Nam
581 2571 684 2614 recens
715 2547 814 2615 adhuc
844 2549 904 2614 tibi
935 2551 1060 2637 sangnis
1088 2556 1135 2616 est
1162 2551 1320 2618 manibus:

306 2691 344 2734 ex
365 2691 402 2734 eo
425 2674 496 2733 tuae
517 2667 629 2733 incidit
652 2669 747 2732 menti
770 2668 914 2734 turbatio.

354 2789 403 2852 Or.
450 2787 536 2852 Deus
567 2786 694 2874 Apollo,
723 2786 779 2852 hae
806 2788 870 2873 jam
892 2787 1080 2867 redundant,
1107 2794 1197 2854 etex
1220 2789 1321 2856 oculis

307 2911 412 2993 guttas
435 2907 582 2972 emittunt
605 2906 765 2993 sanguinis
788 2906 895 2971 odiosi.

353 3026 423 3089 cto.
468 3024 538 3090 Erit
561 3025 710 3110 expiatio:
735 3031 766 3090 et
788 3024 962 3114 Apollinem
980 3027 1007 3090 si
1021 3027 1177 3114 tetigeris,
1191 3027 1323 3094 liberum

207 3147 292 3209 1060
304 3151 338 3210 te
360 3143 408 3210 his
431 3143 519 3208 melis
540 3143 655 3210 reddet.

352 3263 401 3326 Or.
447 3259 513 3326 Vos
535 3262 658 3346 quidem
681 3284 743 3327 non
767 3262 880 3328 videtis
903 3285 968 3340 eas,
991 3265 1044 3328 sed
1060 3285 1117 3352 ego
1135 3265 1240 3332 video:
1256 3266 1323 3353 agi·

303 3385 370 3457 tor,
393 3399 450 3445 nec
474 3379 603 3466 amplius
626 3401 683 3466 ego
705 3380 838 3446 manebo.

319 3497 321 3502 ’
354 3499 422 3562 Cho.
470 3495 585 3562 Verum
609 3519 749 3584 prospera
771 3501 894 3563 fortuna
916 3500 1029 3577 utaris,
1049 3505 1080 3564 et
1097 3505 1128 3565 te
1147 3500 1321 3588 adspiciens

305 3617 389 3680 Deus
413 3615 575 3682 benevolus
599 3621 700 3681 servet
721 3621 832 3680 eventu
855 3616 947 3682 felici.

723 3854 906 3919 Ononnn

350 4093 433 4157 Haec
464 4113 537 4179 ergo
567 4093 659 4157 tertia
677 4093 739 4177 jam
764 4093 867 4157 domui
889 4094 991 4180 regiae
1013 4099 1132 4180 peracta
1154 4100 1320 4182 tempestus

304 4217 351 4276 est
364 4217 533 4295 ventusque
544 4211 678 4298 gentilia.
702 4212 870 4277 Puerorum
883 4211 1004 4297 quidem
1019 4213 1148 4298 primum
1163 4213 1320 4278 devoratio
