2972 4974
634 465 833 510 eunonium.
1175 449 1235 510 151

275 652 347 714 670.
392 647 551 729 θελκτήρια.
596 647 655 712 nse
677 648 775 735 ipsum
800 647 1041 726 substantivum,
1061 671 1123 714 non
1138 649 1237 735 adjec-

234 768 292 832 tive
323 769 520 853 conjunctum
553 786 622 830 oum
646 765 761 848 λουτροὶ.
807 766 865 832 ne
892 771 990 832 autem
1014 769 1058 832 ita
1079 769 1112 832 in
1136 766 1239 833 libris:

231 885 280 950 alii
303 886 464 952 ediderunt
487 883 656 966 θελκτηρία,
679 885 900 972 conjungentes
925 907 994 951 eum
1017 887 1158 967 στρωμνή.

272 1008 346 1070 671.
391 1003 512 1070 δικαίων.
557 1003 707 1069 Solemnis
738 1009 785 1069 est
816 1002 890 1070 heeo
912 1026 971 1070 vox
993 1006 1026 1069 in
1050 1003 1176 1091 hospitii
1198 1004 1237 1069 li-

228 1121 385 1188 beralitate
407 1122 623 1209 significanda:
647 1123 738 1188 Piud.
762 1123 811 1187 Ol.
834 1123 871 1188 Π
895 1127 934 1188 ll
960 1122 1064 1190 δίκαιον
1087 1121 1170 1199 ξένον.

272 1246 347 1308 675.
392 1241 578 1324 αὐτόφορτον.
623 1241 670 1306 Of.
695 1245 771 1306 168.
811 1273 816 1283 ·

271 1365 311 1426 67
316 1365 345 1424 5.
390 1359 478 1443 οἰκεία
498 1359 586 1442 odyn.
620 1360 673 1425 Sio
689 1359 858 1424 Turnebus.
894 1361 930 1424 In
947 1358 1035 1425 libris
1050 1359 1150 1432 οἰκίαις
1165 1356 1236 1435 ἄγη.

270 1483 344 1545 676.
389 1476 491 1560 ὥσπερ.
536 1481 692 1544 Sententia
710 1479 901 1564 interposite:
922 1501 1014 1564 quum
1031 1479 1236 1565 proficiscerer

224 1602 343 1685 Argos,
367 1602 402 1662 ut
424 1621 507 1662 nuno
529 1599 650 1681 quidem
673 1599 809 1685 perfeeto
831 1599 942 1664 itinere
964 1596 1025 1663 hue
1048 1599 1179 1684 perveni.

271 1719 346 1780 678.
391 1715 575 1798 ἐξιστορήσας
593 1716 643 1782 καὶ
664 1715 842 1799 σαφηνίσας.
878 1719 979 1781 Aoute
997 1716 1117 1801 quidem
1138 1715 1235 1780 Klou-

223 1836 329 1900 eenius
360 1834 432 1900 illos
455 1836 536 1900 iuter
558 1857 591 1900 se
615 1835 651 1900 de
673 1836 782 1900 itinere
805 1836 979 1899 sciscitetos
1003 1857 1066 1898 esse
1091 1834 1183 1911 dioit,
1205 1838 1236 1899 66

223 1952 404 2040 Strophium
433 1952 471 2017 ab
499 1954 606 2018 Oreste
627 1954 829 2039 quaesivisse,
852 1975 913 2037 qno
935 1953 1087 2031 tenderet,
1110 1975 1236 2018 nerten-

222 2077 302 2149 tem,
333 2094 394 2156 quo
424 2072 489 2158 ipse
519 2072 584 2136 iret.
631 2072 747 2137 Verum
777 2072 809 2135 id
840 2093 901 2136 non
931 2071 1092 2137 convenire
1114 2071 1234 2135 videtur

221 2191 314 2256 verbo
341 2189 527 2274 σαφηνίζειν,
558 2213 634 2275 quae
657 2190 748 2256 hebet
771 2191 1028 2256 commonetrundi
1051 2191 1232 2277 significeti-

221 2332 329 2387 onem,
358 2314 393 2374 ut
425 2309 607 2375 eredendum
638 2311 695 2388 sit,
725 2308 904 2396 Strophium
935 2310 1072 2374 Orestem
1102 2308 1232 2374 interro-

220 2451 325 2516 gasse,
355 2451 416 2514 quo
445 2429 699 2514 proficisceretur,
726 2433 772 2506 et,
795 2434 919 2515 accepto
941 2449 993 2506 eo,
1014 2450 1082 2492 eum
1106 2427 1143 2492 de
1166 2427 1232 2504 vio,

219 2570 282 2633 que
304 2548 488 2635 pergendum
512 2548 606 2625 foret,
628 2547 794 2612 edocuisse.

270 2669 344 2731 680.
388 2665 497 2740 ἄλλως.
545 2667 675 2744 Temen,
699 2669 789 2732 etiem
812 2667 877 2732 sine
899 2665 1041 2732 mandato
1064 2689 1137 2732 meo.

269 2789 342 2850 684.
387 2787 427 2856 εἰς
449 2784 483 2849 τὸ
505 2788 573 2849 πῖον.
618 2784 744 2849 Idumen.
768 2788 831 2851 670

557 2904 597 2975 εἰς
620 2903 653 2967 τὸ
676 2907 737 2968 πῖον
758 2903 869 2984 χρόνον.

270 3027 343 3086 685.
388 3021 530 3103 χαλκέου.
577 3022 738 3109 866661.
763 3026 805 3087 54

534 3141 666 3219 τύπωμα
687 3141 917 3224 χανυιόπλευρον.

270 3265 342 3326 686.
387 3260 592 3338 κεκλαυμένου.
638 3260 791 3347 Stunlejus
816 3261 963 3348 cogitavit
986 3260 1023 3324 de
1045 3259 1230 3338 κεκαυμένου.

269 3385 342 3446 689.
387 3379 510 3459 κυρίοισι.
556 3379 602 3444 Of.
626 3384 699 3445 658.

270 3502 344 3564 690.
389 3499 438 3565 τὸν
461 3499 592 3564 τεκόντα.
637 3499 789 3586 Argutius
819 3498 930 3583 uliquis
960 3499 1095 3585 putavit,
1116 3499 1149 3562 in
1173 3497 1230 3564 heo

223 3617 427 3704 appellatione
458 3619 596 3682 Orestem
622 3618 754 3683 voluisse
776 3617 933 3694 simulare,
956 3640 988 3682 se
1010 3618 1127 3682 nescire
1150 3639 1228 3682 mor·

222 3741 284 3802 tem
307 3739 550 3822 Agamemnonis.
598 3738 694 3802 Recte
715 3742 818 3802 mouet
842 3736 1042 3815 Kluuseniue,
1064 3758 1128 3801 esse
1147 3759 1229 3800 oom-

222 3857 355 3922 munitet
378 3857 510 3943 positum
536 3856 573 3921 de
596 3862 736 3942 parente,
759 3857 907 3922 ulmodo
930 3857 1088 3922 manifesto
1107 3857 1146 3921 ed
1163 3879 1229 3922 mu·

221 3973 324 4040 lierem
354 3973 481 4060 loquens
515 3973 595 4039 dixit
627 3996 736 4061 genere
768 3975 936 4040 masculino
963 3982 1022 4048 τοῖς
1044 3975 1157 4057 κυρίοισι
1179 3975 1229 4040 καὶ

222 4094 416 4174 προσήκουσιν.

269 4216 343 4278 691.
388 4212 428 4278 In
452 4211 488 4278 M
511 4217 542 4278 et
564 4213 593 4278 G
616 4217 736 4279 tentum
760 4213 871 4280 lineola
891 4212 965 4280 huie
981 4215 1080 4281 versui
1100 4215 1231 4304 praefixe
