2974 4982
517 527 715 575 annonario.
1080 512 1120 573 91

126 711 208 790 βέλη,
230 733 303 797 qnae
326 710 410 789 facili
433 732 533 776 errore
556 732 572 775 e
595 715 660 775 loa
682 711 811 797 repetita
832 709 941 775 inerit:
961 708 1124 776 scholiasta

125 831 155 894 in
175 831 374 918 explicatione
397 830 538 896 vocabuli
562 829 722 896 αὐτόκωπα
743 830 831 916 ponit
853 827 941 911 ξίφη,
960 833 990 893 et
1013 828 1125 894 diserte

127 949 159 1012 ab
183 948 230 1014 his
259 949 424 1036 distinguit
455 949 541 1028 βέλη.
587 948 664 1013 Cum
693 946 838 1013 vocabulo
861 947 1022 1013 advincire
1043 951 1125 1012 recte

129 1073 331 1154 compararunt
354 1070 462 1155 Agam.
485 1071 547 1133 137
573 1065 742 1144 αὐτότοκον,
764 1067 784 1131 i.
808 1089 832 1130 e.
856 1089 924 1130 cum
944 1067 1011 1153 ipso
1030 1068 1123 1133 foetu.

128 1186 225 1252 Simile
247 1191 292 1252 est
314 1185 395 1273 apud
418 1183 671 1272 Aristophanem,
694 1185 770 1248 Ran.
795 1187 859 1249 902

344 1306 393 1370 τόν
416 1305 440 1369 δ’
462 1307 630 1370 ὐνασπῶντ’
653 1303 857 1385 αὐτοπρέμνοις

342 1429 402 1496 τοῖς
424 1422 550 1500 λόγοισιν
571 1421 746 1501 ἐμπεσόντα.

129 1537 165 1603 Et
184 1545 287 1604 notnm
311 1544 373 1618 est,
396 1541 582 1625 frequentem
601 1563 666 1606 esse
685 1545 771 1605 extra
790 1539 1039 1626 compositionem
1056 1559 1124 1603 enm

128 1679 208 1722 nsum
231 1657 370 1722 vocabuli
395 1658 498 1732 αὐτόσε
522 1658 606 1724 velnt
632 1659 722 1723 Hom.
746 1658 784 1723 Il.
808 1669 835 1724 Θ
860 1661 923 1724 290

341 1773 446 1851 ἵππους
469 1779 596 1844 αὐτοῖσιν
618 1775 759 1861 όχεσφινε

130 1892 229 1982 llnrip.
253 1895 335 1960 Med.
361 1900 424 1961 165

248 2009 250 2013 ’
346 2013 375 2080 όν
398 2017 463 2080 ποτ’
485 2014 542 2092 ἐγὼ
566 2013 687 2096 νύμφαν
708 2015 736 2078 τ’
758 2009 885 2090 εἰσίδοιμ’

345 2136 445 2207 αὐτοῖς
468 2132 619 2214 μελοόόροις
641 2131 884 2210 διακναιομένονςε

129 2247 247 2315 Lucian.
275 2251 445 2339 Contempl.
471 2257 490 2317 6
513 2251 562 2317 τόν
584 2251 735 2332 Παρνασὸν
758 2254 835 2332 αὐτῇ
857 2251 1018 2332 Κασταλία
1039 2272 1127 2327 μετε-

129 2369 287 2448 κινύοαμεν.

170 2491 237 2554 172.
283 2489 361 2563 πλὴν
384 2491 464 2568 ἐμοῦ.
510 2489 674 2576 Ingeniosa
704 2488 815 2573 aliquis
839 2487 971 2571 conjecit
994 2486 1128 2552 scriben-

131 2601 195 2668 dnm
218 2629 281 2672 esse
304 2608 382 2682 πλὴν
404 2607 480 2685 ἑνός,
510 2629 613 2672 verum
637 2629 671 2670 ea
694 2606 823 2670 mutatio
845 2627 906 2670 non
931 2605 1051 2670 videtur
1073 2627 1127 2670 ne-

131 2727 257 2789 cessaria.
304 2725 396 2805 Ἐμού
420 2725 561 2790 existimo
586 2749 649 2791 esse
672 2747 837 2812 pronomen
860 2725 1079 2812 possessivum,
1098 2730 1129 2789 at

131 2844 288 2908 orationem
320 2867 383 2909 non
419 2845 507 2932 plene
537 2845 574 2910 ab
600 2844 723 2910 Electra
746 2845 893 2910 continuo
916 2867 980 2909 esse
1001 2844 1130 2921 dictam,

131 2963 271 3044 quomodo
285 2965 375 3028 etiam
399 2968 477 3030 174:
499 2963 652 3029 intellexit
672 2964 794 3049 quidem
812 2964 890 3039 πλὴν
904 2967 975 3042 tare
986 2963 1128 3046 ἀδελφοῦ.

171 3083 240 3146 172.
284 3081 417 3164 κεόραιτο,
466 3080 552 3146 Libri
576 3082 689 3162 κείρετο.

171 3203 240 3267 173.
285 3201 388 3282 ἐχόρόι.
435 3201 507 3266 Non
541 3201 615 3268 satis
638 3199 796 3267 intellecta
818 3199 957 3265 Electrae
979 3200 1130 3278 oratione,

133 3311 174 3381 vel
203 3321 304 3406 potius
334 3342 396 3384 non
418 3319 492 3386 satis
514 3319 670 3384 intellecta
693 3321 758 3405 ejus
782 3322 897 3397 mente,
920 3340 1009 3403 qnam
1033 3319 1129 3383 oratio

131 3433 257 3501 nondum
282 3437 370 3524 plene
389 3447 590 3525 expresserat,
610 3437 728 3502 Chorus
742 3437 1011 3524 Clytaemnestram
1025 3435 1131 3500 decere

132 3555 245 3636 quidem
265 3557 394 3622 maxime
413 3558 567 3642 significat
583 3556 686 3642 lugere
704 3555 856 3620 tumulum
874 3559 905 3620 et
916 3555 998 3619 crine
1009 3575 1131 3629 ornare,

132 3691 226 3738 varum
243 3676 295 3739 vix
315 3675 459 3740 credibile
478 3697 557 3753 esse,
576 3673 658 3738 illam
675 3674 734 3739 hoo
753 3675 853 3739 officio
871 3674 961 3759 fungi
981 3672 1131 3750 voluisse,

133 3809 218 3872 qnnm
242 3797 320 3858 esset
342 3794 460 3859 infesta.

173 3913 242 3977 176.
288 3915 415 3978 αὐτοῖσιν
450 3915 528 3991 ἡμῖν.
574 3913 625 3978 Ita
658 3917 739 3978 recte
768 3911 857 3976 libri:
891 3911 943 3976 alii
964 3914 1132 3975 'mutarunt

133 4031 259 4096 αὐταῖσιν
282 4034 369 4111 ἡμῶν.
413 4030 562 4097 Similiter
584 4032 708 4111 Cicero,
731 4032 822 4096 Tnsc.
841 4031 877 4096 L.
899 4031 918 4095 Ι
938 4053 963 4095 o.
986 4035 1005 4094 2
1030 4052 1133 4116 aquae

134 4151 186 4212 tam
210 4149 357 4216 excellens
380 4151 518 4214 inomni
540 4172 649 4236 genere
673 4151 771 4215 virtus
795 4151 829 4214 in
853 4149 925 4215 ullis
944 4150 1020 4228 init,
1040 4150 1133 4216 utsii

135 4287 196 4333 cum
218 4270 382 4356 majoribus
405 4272 519 4338 nostris
541 4267 785 4361 comparanda?”
