<?xml version="1.0" encoding="UTF-8"?>
<!DOCTYPE html PUBLIC "-//W3C//DTD XHTML 1.0 Transitional//EN"
    "http://www.w3.org/TR/xhtml1/DTD/xhtml1-transitional.dtd">
<html xmlns="http://www.w3.org/1999/xhtml" xml:lang="en" lang="en">
 <head>
  <title>
</title>
<meta http-equiv="Content-Type" content="text/html;charset=utf-8" />
  <meta name='ocr-system' content='tesseract 3.04.00' />
  <meta name='ocr-capabilities' content='ocr_page ocr_carea ocr_par ocr_line ocrx_word'/>
</head>
<body>
  <div class='ocr_page' id='page_1' title='image "aeschylichoepho00jonggoog_0124.png"; bbox 0 0 2972 4974; ppageno 0'>
   <div class='ocr_carea' id='block_1_1' title="bbox 344 438 945 500">
    <p class='ocr_par' dir='ltr' id='par_1_1' title="bbox 344 438 945 500">
     <span class='ocr_line' id='line_1_1' title="bbox 344 438 945 500; baseline -0.005 0"><span class='ocrx_word' id='word_1_1' title='bbox 344 438 407 500; x_wconf 80' lang='lat'>112</span> <span class='ocrx_word' id='word_1_2' title='bbox 747 454 945 500; x_wconf 68' lang='lat' dir='ltr'>annorum.</span> 
     </span>
    </p>
   </div>
   <div class='ocr_carea' id='block_1_2' title="bbox 337 635 1368 3582">
    <p class='ocr_par' dir='ltr' id='par_1_2' title="bbox 342 635 1367 1892">
     <span class='ocr_line' id='line_1_2' title="bbox 388 635 1357 722; baseline 0 -20"><span class='ocrx_word' id='word_1_3' title='bbox 388 639 460 703; x_wconf 81' lang='lat'><strong>370.</strong></span> <span class='ocrx_word' id='word_1_4' title='bbox 506 635 628 719; x_wconf 76' lang='grc' dir='ltr'><strong><em>πρόσσω.</em></strong></span> <span class='ocrx_word' id='word_1_5' title='bbox 675 637 868 704; x_wconf 86' lang='lat' dir='ltr'>Hermanuus</span> <span class='ocrx_word' id='word_1_6' title='bbox 899 635 1012 722; x_wconf 87' lang='lat' dir='ltr'>aliique</span> <span class='ocrx_word' id='word_1_7' title='bbox 1035 635 1139 718; x_wconf 76' lang='grc' dir='ltr'><strong><em>πρόσω.</em></strong></span> <span class='ocrx_word' id='word_1_8' title='bbox 1186 636 1283 702; x_wconf 87' lang='lat' dir='ltr'>Modo</span> <span class='ocrx_word' id='word_1_9' title='bbox 1307 638 1357 702; x_wconf 91' lang='lat' dir='ltr'>in-</span> 
     </span>
     <span class='ocr_line' id='line_1_3' title="bbox 342 755 1360 844; baseline 0 -24"><span class='ocrx_word' id='word_1_10' title='bbox 342 761 523 844; x_wconf 84' lang='lat' dir='ltr'>terpretatus</span> <span class='ocrx_word' id='word_1_11' title='bbox 543 779 618 822; x_wconf 89' lang='lat' dir='ltr'>sum.</span> <span class='ocrx_word' id='word_1_12' title='bbox 648 755 833 840; x_wconf 69' lang='lat' dir='ltr'>Abreschiur</span> <span class='ocrx_word' id='word_1_13' title='bbox 849 756 1110 844; x_wconf 88' lang='lat' dir='ltr'>interpretandum</span> <span class='ocrx_word' id='word_1_14' title='bbox 1126 760 1225 844; x_wconf 89' lang='lat' dir='ltr'>putat:</span> <span class='ocrx_word' id='word_1_15' title='bbox 1241 762 1360 844; x_wconf 87' lang='lat' dir='ltr'>postea.</span> 
     </span>
     <span class='ocr_line' id='line_1_4' title="bbox 388 873 1362 966; baseline -0.002 -26"><span class='ocrx_word' id='word_1_16' title='bbox 388 878 460 942; x_wconf 81' lang='lat'><strong>372.</strong></span> <span class='ocrx_word' id='word_1_17' title='bbox 507 874 684 957; x_wconf 77' lang='grc' dir='ltr'><strong><em>ὑπερβορέου.</em></strong></span> <span class='ocrx_word' id='word_1_18' title='bbox 724 875 772 940; x_wconf 90' lang='lat' dir='ltr'>De</span> <span class='ocrx_word' id='word_1_19' title='bbox 786 873 989 966; x_wconf 80' lang='lat' dir='ltr'><strong>Hyperboreis</strong></span> <span class='ocrx_word' id='word_1_20' title='bbox 1005 873 1169 955; x_wconf 84' lang='lat' dir='ltr'>Pindarus,</span> <span class='ocrx_word' id='word_1_21' title='bbox 1191 873 1246 960; x_wconf 81' lang='lat' dir='ltr'>Py.</span> <span class='ocrx_word' id='word_1_22' title='bbox 1263 874 1297 940; x_wconf 91' lang='lat' dir='ltr'>X</span> <span class='ocrx_word' id='word_1_23' title='bbox 1314 879 1362 939; x_wconf 76' lang='lat'>64</span> 
     </span>
     <span class='ocr_line' id='line_1_5' title="bbox 564 993 1062 1076; baseline 0 -17"><span class='ocrx_word' id='word_1_24' title='bbox 564 994 635 1060; x_wconf 82' lang='grc' dir='ltr'><em>νόσοι</em></span> <span class='ocrx_word' id='word_1_25' title='bbox 658 994 682 1060; x_wconf 84' lang='grc' dir='ltr'>δ’</span> <span class='ocrx_word' id='word_1_26' title='bbox 705 993 771 1062; x_wconf 80' lang='grc' dir='ltr'><em>οὔτε</em></span> <span class='ocrx_word' id='word_1_27' title='bbox 794 1000 887 1076; x_wconf 73' lang='grc' dir='ltr'><em>γῆριις</em></span> <span class='ocrx_word' id='word_1_28' title='bbox 910 993 1062 1074; x_wconf 74' lang='grc' dir='ltr'><em>οὐλόμενον</em></span> 
     </span>
     <span class='ocr_line' id='line_1_6' title="bbox 563 1112 1032 1198; baseline 0 -20"><span class='ocrx_word' id='word_1_29' title='bbox 563 1112 701 1194; x_wconf 68' lang='grc' dir='ltr'><em>κέκρινται</em></span> <span class='ocrx_word' id='word_1_30' title='bbox 724 1115 786 1197; x_wconf 79' lang='grc' dir='ltr'>ἱερᾷ</span> <span class='ocrx_word' id='word_1_31' title='bbox 809 1121 916 1198; x_wconf 77' lang='grc' dir='ltr'><em>γενεᾷ.</em></span> <span class='ocrx_word' id='word_1_32' title='bbox 941 1113 1032 1180; x_wconf 79' lang='grc' dir='ltr'><em>πόνον</em></span> 
     </span>
     <span class='ocr_line' id='line_1_7' title="bbox 653 1231 979 1314; baseline 0.009 -18"><span class='ocrx_word' id='word_1_33' title='bbox 653 1232 682 1298; x_wconf 84' lang='grc' dir='ltr'>δὲ</span> <span class='ocrx_word' id='word_1_34' title='bbox 705 1232 753 1300; x_wconf 74' lang='lat' dir='ltr'>iat</span> <span class='ocrx_word' id='word_1_35' title='bbox 776 1237 887 1314; x_wconf 74' lang='grc' dir='ltr'><em>μοιχοῖν</em></span> <span class='ocrx_word' id='word_1_36' title='bbox 909 1231 979 1314; x_wconf 80' lang='grc' dir='ltr'>ἄτερ</span> 
     </span>
     <span class='ocr_line' id='line_1_8' title="bbox 651 1351 951 1435; baseline 0 -19"><span class='ocrx_word' id='word_1_37' title='bbox 651 1351 777 1430; x_wconf 74' lang='grc' dir='ltr'><strong><em>οἰκέοισι,</em></strong></span> <span class='ocrx_word' id='word_1_38' title='bbox 802 1351 951 1435; x_wconf 74' lang='grc' dir='ltr'>φυγόντες</span> 
     </span>
     <span class='ocr_line' id='line_1_9' title="bbox 653 1469 953 1551; baseline -0.007 -16"><span class='ocrx_word' id='word_1_39' title='bbox 653 1469 795 1551; x_wconf 72' lang='grc' dir='ltr'><em>ὑπέρδικον</em></span> <span class='ocrx_word' id='word_1_40' title='bbox 817 1470 953 1550; x_wconf 78' lang='grc' dir='ltr'><em>Νέμεσιν.</em></span> 
     </span>
     <span class='ocr_line' id='line_1_10' title="bbox 345 1588 1366 1675; baseline 0.005 -26"><span class='ocrx_word' id='word_1_41' title='bbox 345 1608 425 1652; x_wconf 76' lang='lat' dir='ltr'>nnec</span> <span class='ocrx_word' id='word_1_42' title='bbox 444 1588 541 1652; x_wconf 86' lang='lat' dir='ltr'>morbi</span> <span class='ocrx_word' id='word_1_43' title='bbox 560 1609 617 1652; x_wconf 89' lang='lat' dir='ltr'>nec</span> <span class='ocrx_word' id='word_1_44' title='bbox 636 1593 756 1653; x_wconf 82' lang='lat' dir='ltr'>senecta</span> <span class='ocrx_word' id='word_1_45' title='bbox 774 1591 885 1654; x_wconf 82' lang='lat' dir='ltr'>infesta</span> <span class='ocrx_word' id='word_1_46' title='bbox 905 1589 1063 1675; x_wconf 82' lang='lat' dir='ltr'>attingunt</span> <span class='ocrx_word' id='word_1_47' title='bbox 1082 1593 1202 1675; x_wconf 81' lang='lat' dir='ltr'>gentem</span> <span class='ocrx_word' id='word_1_48' title='bbox 1223 1610 1366 1654; x_wconf 88' lang='lat' dir='ltr'>sacram:</span> 
     </span>
     <span class='ocr_line' id='line_1_11' title="bbox 342 1707 1367 1796; baseline 0 -22"><span class='ocrx_word' id='word_1_49' title='bbox 342 1707 477 1774; x_wconf 88' lang='lat' dir='ltr'>laborum</span> <span class='ocrx_word' id='word_1_50' title='bbox 507 1712 538 1773; x_wconf 92' lang='lat' dir='ltr'>et</span> <span class='ocrx_word' id='word_1_51' title='bbox 566 1730 736 1796; x_wconf 85' lang='lat' dir='ltr'>pugnarum</span> <span class='ocrx_word' id='word_1_52' title='bbox 760 1713 896 1796; x_wconf 79' lang='lat' dir='ltr'>expertes</span> <span class='ocrx_word' id='word_1_53' title='bbox 925 1708 1056 1796; x_wconf 81' lang='lat' dir='ltr'>degunt,</span> <span class='ocrx_word' id='word_1_54' title='bbox 1086 1708 1241 1796; x_wconf 84' lang='lat' dir='ltr'>fugientes</span> <span class='ocrx_word' id='word_1_55' title='bbox 1264 1708 1367 1774; x_wconf 88' lang='lat' dir='ltr'>ultri-</span> 
     </span>
     <span class='ocr_line' id='line_1_12' title="bbox 344 1824 598 1892; baseline 0.016 -3"><span class='ocrx_word' id='word_1_56' title='bbox 344 1847 407 1890; x_wconf 88' lang='lat' dir='ltr'>cem</span> <span class='ocrx_word' id='word_1_57' title='bbox 428 1824 598 1892; x_wconf 86' lang='lat' dir='ltr'>Nemeeiu.’&#39;</span> 
     </span>
    </p>

    <p class='ocr_par' dir='ltr' id='par_1_3' title="bbox 341 1945 1367 2510">
     <span class='ocr_line' id='line_1_13' title="bbox 389 1945 1365 2033; baseline 0.002 -24"><span class='ocrx_word' id='word_1_58' title='bbox 389 1947 461 2010; x_wconf 77' lang='lat'><strong>374.</strong></span> <span class='ocrx_word' id='word_1_59' title='bbox 506 1951 621 2029; x_wconf 76' lang='grc' dir='ltr'><em>φωνεῖς.</em></span> <span class='ocrx_word' id='word_1_60' title='bbox 667 1945 755 2010; x_wconf 88' lang='lat' dir='ltr'><strong>Libri</strong></span> <span class='ocrx_word' id='word_1_61' title='bbox 778 1950 878 2028; x_wconf 81' lang='grc' dir='ltr'><em>φωνεῖ.</em></span> <span class='ocrx_word' id='word_1_62' title='bbox 925 1946 1038 2033; x_wconf 86' lang='lat' dir='ltr'>Recepi</span> <span class='ocrx_word' id='word_1_63' title='bbox 1068 1947 1189 2029; x_wconf 88' lang='lat' dir='ltr'>quidem</span> <span class='ocrx_word' id='word_1_64' title='bbox 1213 1947 1365 2011; x_wconf 85' lang='lat' dir='ltr'>emenda·</span> 
     </span>
     <span class='ocr_line' id='line_1_14' title="bbox 342 2063 1367 2152; baseline 0.003 -26"><span class='ocrx_word' id='word_1_65' title='bbox 342 2063 455 2128; x_wconf 90' lang='lat' dir='ltr'>tionem</span> <span class='ocrx_word' id='word_1_66' title='bbox 472 2063 670 2151; x_wconf 85' lang='lat' dir='ltr'><strong>probabilem,</strong></span> <span class='ocrx_word' id='word_1_67' title='bbox 690 2070 720 2129; x_wconf 91' lang='lat' dir='ltr'>et</span> <span class='ocrx_word' id='word_1_68' title='bbox 736 2070 835 2130; x_wconf 89' lang='lat' dir='ltr'>tamen</span> <span class='ocrx_word' id='word_1_69' title='bbox 853 2063 1001 2142; x_wconf 88' lang='lat' dir='ltr'>librorum</span> <span class='ocrx_word' id='word_1_70' title='bbox 1018 2063 1184 2152; x_wconf 86' lang='lat' dir='ltr'>scriptura,</span> <span class='ocrx_word' id='word_1_71' title='bbox 1207 2066 1234 2129; x_wconf 88' lang='lat' dir='ltr'>si</span> <span class='ocrx_word' id='word_1_72' title='bbox 1252 2063 1367 2131; x_wconf 81' lang='lat' dir='ltr'>hiatus</span> 
     </span>
     <span class='ocr_line' id='line_1_15' title="bbox 341 2182 1366 2269; baseline 0.002 -21"><span class='ocrx_word' id='word_1_73' title='bbox 341 2183 413 2248; x_wconf 86' lang='lat' dir='ltr'><strong>ferri</strong></span> <span class='ocrx_word' id='word_1_74' title='bbox 436 2187 553 2268; x_wconf 90' lang='lat' dir='ltr'>potest,</span> <span class='ocrx_word' id='word_1_75' title='bbox 575 2182 806 2269; x_wconf 78' lang='lat' dir='ltr'>explicationem</span> <span class='ocrx_word' id='word_1_76' title='bbox 830 2183 984 2263; x_wconf 86' lang='lat' dir='ltr'>admittit,</span> <span class='ocrx_word' id='word_1_77' title='bbox 1014 2185 1040 2250; x_wconf 87' lang='lat' dir='ltr'>si</span> <span class='ocrx_word' id='word_1_78' title='bbox 1063 2190 1164 2250; x_wconf 73' lang='grc' dir='ltr'><em>τοῦτο</em></span> <span class='ocrx_word' id='word_1_79' title='bbox 1185 2190 1233 2251; x_wconf 88' lang='lat' dir='ltr'>est</span> <span class='ocrx_word' id='word_1_80' title='bbox 1256 2186 1366 2250; x_wconf 91' lang='lat' dir='ltr'>nomi-</span> 
     </span>
     <span class='ocr_line' id='line_1_16' title="bbox 341 2295 1366 2392; baseline 0 -22"><span class='ocrx_word' id='word_1_81' title='bbox 341 2303 484 2370; x_wconf 83' lang='lat' dir='ltr'>nativus:</span> <span class='ocrx_word' id='word_1_82' title='bbox 519 2303 593 2382; x_wconf 80' lang='lat' dir='ltr'>istn,</span> <span class='ocrx_word' id='word_1_83' title='bbox 623 2325 700 2387; x_wconf 89' lang='lat' dir='ltr'>quae</span> <span class='ocrx_word' id='word_1_84' title='bbox 720 2308 757 2368; x_wconf 93' lang='lat' dir='ltr'>tu</span> <span class='ocrx_word' id='word_1_85' title='bbox 787 2304 882 2380; x_wconf 84' lang='lat' dir='ltr'>dicis,</span> <span class='ocrx_word' id='word_1_86' title='bbox 916 2295 1101 2390; x_wconf 79' lang='lat' dir='ltr'>loquuntur,</span> <span class='ocrx_word' id='word_1_87' title='bbox 1132 2304 1152 2370; x_wconf 86' lang='lat' dir='ltr'>i.</span> <span class='ocrx_word' id='word_1_88' title='bbox 1175 2326 1199 2368; x_wconf 87' lang='lat' dir='ltr'>e.</span> <span class='ocrx_word' id='word_1_89' title='bbox 1230 2306 1366 2392; x_wconf 88' lang='lat' dir='ltr'>sapiunt</span> 
     </span>
     <span class='ocr_line' id='line_1_17' title="bbox 342 2421 910 2510; baseline 0.004 -24"><span class='ocrx_word' id='word_1_90' title='bbox 342 2421 517 2488; x_wconf 82' lang='lat' dir='ltr'>felicitatem</span> <span class='ocrx_word' id='word_1_91' title='bbox 545 2421 739 2510; x_wconf 82' lang='lat' dir='ltr'>Hyperborea</span> <span class='ocrx_word' id='word_1_92' title='bbox 761 2423 910 2508; x_wconf 81' lang='lat' dir='ltr'>majorem.</span> 
     </span>
    </p>

    <p class='ocr_par' dir='ltr' id='par_1_4' title="bbox 337 2542 1368 3582">
     <span class='ocr_line' id='line_1_18' title="bbox 390 2542 1368 2623; baseline 0.002 -17"><span class='ocrx_word' id='word_1_93' title='bbox 390 2545 462 2610; x_wconf 77' lang='lat'><strong>374.</strong></span> <span class='ocrx_word' id='word_1_94' title='bbox 507 2543 592 2612; x_wconf 77' lang='grc' dir='ltr'><em>ὀδύνοο</em></span> <span class='ocrx_word' id='word_1_95' title='bbox 612 2567 655 2610; x_wconf 90' lang='grc' dir='ltr'>οοι</span> <span class='ocrx_word' id='word_1_96' title='bbox 677 2542 744 2623; x_wconf 72' lang='grc' dir='ltr'>γάρ.</span> <span class='ocrx_word' id='word_1_97' title='bbox 790 2544 828 2606; x_wconf 89' lang='lat' dir='ltr'>In</span> <span class='ocrx_word' id='word_1_98' title='bbox 859 2543 894 2608; x_wconf 93' lang='lat' dir='ltr'>M</span> <span class='ocrx_word' id='word_1_99' title='bbox 920 2542 1112 2608; x_wconf 87' lang='lat' dir='ltr'>Hermanuus</span> <span class='ocrx_word' id='word_1_100' title='bbox 1144 2565 1211 2608; x_wconf 84' lang='lat' dir='ltr'>esse</span> <span class='ocrx_word' id='word_1_101' title='bbox 1241 2542 1327 2610; x_wconf 83' lang='lat' dir='ltr'>dicit</span> <span class='ocrx_word' id='word_1_102' title='bbox 1353 2545 1368 2608; x_wconf 82' lang='grc' dir='ltr'><em>ὂ</em></span> 
     </span>
     <span class='ocr_line' id='line_1_19' title="bbox 344 2661 1368 2749; baseline 0.003 -23"><span class='ocrx_word' id='word_1_103' title='bbox 344 2661 465 2728; x_wconf 76' lang='grc' dir='ltr'><em>δονιῖοοοι</em></span> <span class='ocrx_word' id='word_1_104' title='bbox 483 2663 559 2744; x_wconf 72' lang='grc' dir='ltr'>γὰρ,</span> <span class='ocrx_word' id='word_1_105' title='bbox 582 2663 635 2728; x_wconf 86' lang='lat' dir='ltr'>aed</span> <span class='ocrx_word' id='word_1_106' title='bbox 657 2662 836 2749; x_wconf 81' lang='lat' dir='ltr'>inspicienti</span> <span class='ocrx_word' id='word_1_107' title='bbox 859 2663 1008 2749; x_wconf 89' lang='lat' dir='ltr'>specimen</span> <span class='ocrx_word' id='word_1_108' title='bbox 1032 2662 1097 2748; x_wconf 87' lang='lat' dir='ltr'>ejus</span> <span class='ocrx_word' id='word_1_109' title='bbox 1122 2662 1251 2740; x_wconf 84' lang='lat' dir='ltr'>codicis,</span> <span class='ocrx_word' id='word_1_110' title='bbox 1274 2665 1368 2748; x_wconf 92' lang='lat' dir='ltr'>quod</span> 
     </span>
     <span class='ocr_line' id='line_1_20' title="bbox 343 2779 1368 2869; baseline 0 -23"><span class='ocrx_word' id='word_1_111' title='bbox 343 2779 484 2846; x_wconf 84' lang='lat' dir='ltr'>exhibuit</span> <span class='ocrx_word' id='word_1_112' title='bbox 518 2781 713 2859; x_wconf 71' lang='lat' dir='ltr'>Diodorus,</span> <span class='ocrx_word' id='word_1_113' title='bbox 748 2782 888 2869; x_wconf 88' lang='lat' dir='ltr'>apparuit</span> <span class='ocrx_word' id='word_1_114' title='bbox 921 2780 1013 2858; x_wconf 91' lang='lat' dir='ltr'>mihi,</span> <span class='ocrx_word' id='word_1_115' title='bbox 1046 2780 1089 2844; x_wconf 93' lang='lat' dir='ltr'>ibi</span> <span class='ocrx_word' id='word_1_116' title='bbox 1125 2803 1189 2848; x_wconf 83' lang='lat' dir='ltr'>esse</span> <span class='ocrx_word' id='word_1_117' title='bbox 1218 2779 1368 2848; x_wconf 73' lang='grc' dir='ltr'>ὀδυνᾶσαι</span> 
     </span>
     <span class='ocr_line' id='line_1_21' title="bbox 342 2899 1368 2988; baseline 0.002 -22"><span class='ocrx_word' id='word_1_118' title='bbox 342 2900 417 2981; x_wconf 73' lang='grc' dir='ltr'>γάρ,</span> <span class='ocrx_word' id='word_1_119' title='bbox 439 2901 520 2985; x_wconf 92' lang='lat' dir='ltr'>quod</span> <span class='ocrx_word' id='word_1_120' title='bbox 543 2901 621 2966; x_wconf 91' lang='lat' dir='ltr'>idem</span> <span class='ocrx_word' id='word_1_121' title='bbox 645 2900 677 2964; x_wconf 89' lang='lat' dir='ltr'>in</span> <span class='ocrx_word' id='word_1_122' title='bbox 700 2899 787 2966; x_wconf 89' lang='lat' dir='ltr'>libris</span> <span class='ocrx_word' id='word_1_123' title='bbox 809 2900 933 2986; x_wconf 83' lang='lat' dir='ltr'>reliquis</span> <span class='ocrx_word' id='word_1_124' title='bbox 957 2922 1020 2966; x_wconf 86' lang='lat' dir='ltr'>esse</span> <span class='ocrx_word' id='word_1_125' title='bbox 1043 2900 1165 2965; x_wconf 87' lang='lat' dir='ltr'>dicitur.</span> <span class='ocrx_word' id='word_1_126' title='bbox 1212 2899 1368 2988; x_wconf 87' lang='lat' dir='ltr'>Plerique</span> 
     </span>
     <span class='ocr_line' id='line_1_22' title="bbox 342 3017 1366 3106; baseline 0.005 -24"><span class='ocrx_word' id='word_1_127' title='bbox 342 3041 396 3104; x_wconf 91' lang='lat' dir='ltr'>pro</span> <span class='ocrx_word' id='word_1_128' title='bbox 416 3041 450 3084; x_wconf 90' lang='lat' dir='ltr'>eo</span> <span class='ocrx_word' id='word_1_129' title='bbox 470 3020 630 3087; x_wconf 87' lang='lat' dir='ltr'>ediderunt</span> <span class='ocrx_word' id='word_1_130' title='bbox 647 3019 767 3084; x_wconf 85' lang='grc' dir='ltr'><em>δυ’νοισοιι</em></span> <span class='ocrx_word' id='word_1_131' title='bbox 783 3018 855 3102; x_wconf 69' lang='grc' dir='ltr'>γάρ,</span> <span class='ocrx_word' id='word_1_132' title='bbox 870 3019 927 3084; x_wconf 87' lang='lat' dir='ltr'>hac</span> <span class='ocrx_word' id='word_1_133' title='bbox 938 3020 1175 3106; x_wconf 85' lang='lat' dir='ltr'>significatione:</span> <span class='ocrx_word' id='word_1_134' title='bbox 1187 3017 1263 3084; x_wconf 86' lang='lat' dir='ltr'>licet</span> <span class='ocrx_word' id='word_1_135' title='bbox 1274 3023 1366 3086; x_wconf 90' lang='lat' dir='ltr'>enim</span> 
     </span>
     <span class='ocr_line' id='line_1_23' title="bbox 340 3137 1366 3222; baseline 0.002 -18"><span class='ocrx_word' id='word_1_136' title='bbox 340 3137 408 3204; x_wconf 87' lang='lat' dir='ltr'>tibi.</span> <span class='ocrx_word' id='word_1_137' title='bbox 454 3138 640 3204; x_wconf 87' lang='lat' dir='ltr'>Klaosenius</span> <span class='ocrx_word' id='word_1_138' title='bbox 663 3138 830 3208; x_wconf 83' lang='lat' dir='ltr'>secundum</span> <span class='ocrx_word' id='word_1_139' title='bbox 852 3137 1081 3206; x_wconf 80' lang='lat' dir='ltr'>Lachmannurn</span> <span class='ocrx_word' id='word_1_140' title='bbox 1110 3137 1195 3221; x_wconf 74' lang='grc' dir='ltr'><em>δδύνᾳ</em></span> <span class='ocrx_word' id='word_1_141' title='bbox 1216 3144 1272 3222; x_wconf 73' lang='grc' dir='ltr'>σᾷ,</span> <span class='ocrx_word' id='word_1_142' title='bbox 1309 3140 1366 3206; x_wconf 89' lang='lat' dir='ltr'>de-</span> 
     </span>
     <span class='ocr_line' id='line_1_24' title="bbox 341 3255 1367 3342; baseline 0.003 -20"><span class='ocrx_word' id='word_1_143' title='bbox 341 3257 402 3324; x_wconf 90' lang='lat' dir='ltr'>leto</span> <span class='ocrx_word' id='word_1_144' title='bbox 426 3257 494 3339; x_wconf 58' lang='lat' dir='ltr'>rap.</span> <span class='ocrx_word' id='word_1_145' title='bbox 542 3257 605 3324; x_wconf 80' lang='lat' dir='ltr'>Alii</span> <span class='ocrx_word' id='word_1_146' title='bbox 629 3256 702 3322; x_wconf 90' lang='lat' dir='ltr'>haec</span> <span class='ocrx_word' id='word_1_147' title='bbox 727 3257 813 3325; x_wconf 87' lang='lat' dir='ltr'>verba</span> <span class='ocrx_word' id='word_1_148' title='bbox 836 3257 983 3342; x_wconf 82' lang='lat' dir='ltr'>ejicienda</span> <span class='ocrx_word' id='word_1_149' title='bbox 1006 3257 1244 3322; x_wconf 84' lang='lat' dir='ltr'>existimarunt·</span> <span class='ocrx_word' id='word_1_150' title='bbox 1268 3255 1367 3330; x_wconf 82' lang='lat' dir='ltr'>Quae</span> 
     </span>
     <span class='ocr_line' id='line_1_25' title="bbox 341 3374 1364 3464; baseline 0.002 -22"><span class='ocrx_word' id='word_1_151' title='bbox 341 3377 440 3454; x_wconf 83' lang='lat' dir='ltr'>edidi,</span> <span class='ocrx_word' id='word_1_152' title='bbox 461 3377 526 3464; x_wconf 85' lang='lat' dir='ltr'>ipae</span> <span class='ocrx_word' id='word_1_153' title='bbox 548 3376 671 3463; x_wconf 84' lang='lat' dir='ltr'>conjeci.</span> <span class='ocrx_word' id='word_1_154' title='bbox 717 3376 857 3442; x_wconf 86' lang='lat' dir='ltr'>Ceterum</span> <span class='ocrx_word' id='word_1_155' title='bbox 882 3376 1055 3462; x_wconf 88' lang='lat' dir='ltr'>conjectura</span> <span class='ocrx_word' id='word_1_156' title='bbox 1077 3375 1198 3442; x_wconf 83' lang='grc' dir='ltr'><em>δύνοοοοιι</em></span> <span class='ocrx_word' id='word_1_157' title='bbox 1217 3374 1278 3456; x_wconf 73' lang='grc' dir='ltr'>γάρ</span> <span class='ocrx_word' id='word_1_158' title='bbox 1306 3379 1364 3444; x_wconf 86' lang='lat' dir='ltr'>ad·</span> 
     </span>
     <span class='ocr_line' id='line_1_26' title="bbox 337 3493 1365 3582; baseline 0.003 -22"><span class='ocrx_word' id='word_1_159' title='bbox 337 3495 465 3580; x_wconf 86' lang='lat' dir='ltr'>juvatur</span> <span class='ocrx_word' id='word_1_160' title='bbox 495 3517 512 3560; x_wconf 90' lang='lat' dir='ltr'>a</span> <span class='ocrx_word' id='word_1_161' title='bbox 539 3493 728 3572; x_wconf 86' lang='lat' dir='ltr'>scholiasta‚·</span> <span class='ocrx_word' id='word_1_162' title='bbox 751 3495 777 3560; x_wconf 86' lang='lat' dir='ltr'>si</span> <span class='ocrx_word' id='word_1_163' title='bbox 808 3518 914 3582; x_wconf 88' lang='lat' dir='ltr'>nempe</span> <span class='ocrx_word' id='word_1_164' title='bbox 941 3495 978 3560; x_wconf 90' lang='lat' dir='ltr'>ad</span> <span class='ocrx_word' id='word_1_165' title='bbox 1006 3495 1038 3559; x_wconf 89' lang='lat' dir='ltr'>id</span> <span class='ocrx_word' id='word_1_166' title='bbox 1070 3494 1194 3560; x_wconf 89' lang='lat' dir='ltr'>verbum</span> <span class='ocrx_word' id='word_1_167' title='bbox 1221 3497 1365 3582; x_wconf 84' lang='lat' dir='ltr'>pertinet</span> 
     </span>
    </p>
   </div>
   <div class='ocr_carea' id='block_1_3' title="bbox 343 3612 1475 3699">
    <p class='ocr_par' dir='ltr' id='par_1_5' title="bbox 343 3612 1475 3699">
     <span class='ocr_line' id='line_1_27' title="bbox 343 3612 1475 3699; baseline -0.001 -21"><span class='ocrx_word' id='word_1_168' title='bbox 343 3615 518 3684; x_wconf 86' lang='lat' dir='ltr'>annotatio:</span> <span class='ocrx_word' id='word_1_169' title='bbox 539 3613 630 3698; x_wconf 70' lang='grc' dir='ltr'><em>ῥοίδιον</em></span> <span class='ocrx_word' id='word_1_170' title='bbox 653 3613 712 3696; x_wconf 69' lang='grc' dir='ltr'>γὰρ</span> <span class='ocrx_word' id='word_1_171' title='bbox 736 3613 769 3679; x_wconf 80' lang='grc' dir='ltr'>τὸ</span> <span class='ocrx_word' id='word_1_172' title='bbox 789 3613 946 3694; x_wconf 71' lang='grc' dir='ltr'><em>εὔχεσθαι,</em></span> <span class='ocrx_word' id='word_1_173' title='bbox 970 3613 1053 3698; x_wconf 89' lang='lat' dir='ltr'>quod</span> <span class='ocrx_word' id='word_1_174' title='bbox 1071 3618 1171 3678; x_wconf 87' lang='lat' dir='ltr'>tamen</span> <span class='ocrx_word' id='word_1_175' title='bbox 1191 3612 1228 3676; x_wconf 88' lang='lat' dir='ltr'>ad</span> <span class='ocrx_word' id='word_1_176' title='bbox 1247 3618 1364 3699; x_wconf 81' lang='grc' dir='ltr'><em>φωνεῖς</em></span> <span class='ocrx_word' id='word_1_177' title='bbox 1474 3629 1475 3677; x_wconf 66' lang='grc' dir='ltr'><em>ι</em></span> 
     </span>
    </p>
   </div>
   <div class='ocr_carea' id='block_1_4' title="bbox 342 3731 1363 4188">
    <p class='ocr_par' dir='ltr' id='par_1_6' title="bbox 342 3731 1362 3918">
     <span class='ocr_line' id='line_1_28' title="bbox 342 3731 1362 3822; baseline 0.002 -25"><span class='ocrx_word' id='word_1_178' title='bbox 342 3734 492 3820; x_wconf 86' lang='lat' dir='ltr'>pertinere</span> <span class='ocrx_word' id='word_1_179' title='bbox 514 3737 622 3820; x_wconf 90' lang='lat' dir='ltr'>potest.</span> <span class='ocrx_word' id='word_1_180' title='bbox 667 3734 826 3822; x_wconf 85' lang='lat' dir='ltr'>Specimen</span> <span class='ocrx_word' id='word_1_181' title='bbox 850 3733 966 3800; x_wconf 89' lang='lat' dir='ltr'>codicis</span> <span class='ocrx_word' id='word_1_182' title='bbox 990 3732 1166 3798; x_wconf 88' lang='lat' dir='ltr'>Mediceia</span> <span class='ocrx_word' id='word_1_183' title='bbox 1190 3731 1362 3802; x_wconf 84' lang='lat' dir='ltr'>Diodorfio</span> 
     </span>
     <span class='ocr_line' id='line_1_29' title="bbox 342 3851 937 3918; baseline 0.003 -2"><span class='ocrx_word' id='word_1_184' title='bbox 342 3852 455 3918; x_wconf 89' lang='lat' dir='ltr'>editum</span> <span class='ocrx_word' id='word_1_185' title='bbox 479 3853 617 3918; x_wconf 88' lang='lat' dir='ltr'>continet</span> <span class='ocrx_word' id='word_1_186' title='bbox 639 3851 729 3918; x_wconf 84' lang='lat' dir='ltr'>Choe.</span> <span class='ocrx_word' id='word_1_187' title='bbox 754 3855 937 3918; x_wconf 78' lang='lat' dir='ltr'>ara-416.</span> 
     </span>
    </p>

    <p class='ocr_par' dir='ltr' id='par_1_7' title="bbox 342 3971 1363 4188">
     <span class='ocr_line' id='line_1_30' title="bbox 388 3971 1363 4058; baseline 0.002 -22"><span class='ocrx_word' id='word_1_188' title='bbox 388 3975 460 4039; x_wconf 85' lang='grc'><strong>375.</strong></span> <span class='ocrx_word' id='word_1_189' title='bbox 505 3972 596 4037; x_wconf 67' lang='grc' dir='ltr'>ἀλλὰ.</span> <span class='ocrx_word' id='word_1_190' title='bbox 642 3973 707 4038; x_wconf 87' lang='lat' dir='ltr'>Ista</span> <span class='ocrx_word' id='word_1_191' title='bbox 737 3973 877 4058; x_wconf 86' lang='lat' dir='ltr'>quidem,</span> <span class='ocrx_word' id='word_1_192' title='bbox 905 3994 981 4056; x_wconf 86' lang='lat' dir='ltr'>qnae</span> <span class='ocrx_word' id='word_1_193' title='bbox 1010 3976 1045 4036; x_wconf 90' lang='lat' dir='ltr'>tu</span> <span class='ocrx_word' id='word_1_194' title='bbox 1076 3971 1218 4057; x_wconf 83' lang='lat' dir='ltr'>optabas,</span> <span class='ocrx_word' id='word_1_195' title='bbox 1240 3972 1363 4058; x_wconf 88' lang='lat' dir='ltr'>majora</span> 
     </span>
     <span class='ocr_line' id='line_1_31' title="bbox 342 4088 1358 4188; baseline 0.001 -32"><span class='ocrx_word' id='word_1_196' title='bbox 342 4097 443 4170; x_wconf 82' lang='lat' dir='ltr'>erant,</span> <span class='ocrx_word' id='word_1_197' title='bbox 476 4113 570 4188; x_wconf 84' lang='lat' dir='ltr'>quam¹</span> <span class='ocrx_word' id='word_1_198' title='bbox 599 4113 677 4176; x_wconf 88' lang='lat' dir='ltr'>quac</span> <span class='ocrx_word' id='word_1_199' title='bbox 698 4092 755 4156; x_wconf 73' lang='lat' dir='ltr'>las</span> <span class='ocrx_word' id='word_1_200' title='bbox 789 4113 861 4156; x_wconf 63' lang='lat' dir='ltr'>esse,</span> <span class='ocrx_word' id='word_1_201' title='bbox 888 4089 1046 4172; x_wconf 76' lang='lat' dir='ltr'>videbatur</span> <span class='ocrx_word' id='word_1_202' title='bbox 1079 4095 1190 4176; x_wconf 86' lang='lat' dir='ltr'>optare.</span> <span class='ocrx_word' id='word_1_203' title='bbox 1237 4088 1358 4156; x_wconf 89' lang='lat' dir='ltr'>Verum</span> 
     </span>
    </p>
   </div>
   <div class='ocr_carea' id='block_1_5' title="bbox 293 4192 1358 4296">
    <p class='ocr_par' dir='ltr' id='par_1_8' title="bbox 293 4192 1358 4296">
     <span class='ocr_line' id='line_1_32' title="bbox 293 4192 1358 4296; baseline -0.002 -22"><span class='ocrx_word' id='word_1_204' title='bbox 293 4192 295 4201; x_wconf 39' lang='lat'>⁵</span> <span class='ocrx_word' id='word_1_205' title='bbox 342 4214 501 4296; x_wconf 83' lang='lat' dir='ltr'>postquam</span> <span class='ocrx_word' id='word_1_206' title='bbox 531 4210 632 4274; x_wconf 87' lang='lat' dir='ltr'>evenit</span> <span class='ocrx_word' id='word_1_207' title='bbox 650 4209 748 4280; x_wconf 82' lang='lat' dir='ltr'>aliter</span> <span class='ocrx_word' id='word_1_208' title='bbox 776 4214 830 4274; x_wconf 92' lang='lat' dir='ltr'>tuo</span> <span class='ocrx_word' id='word_1_209' title='bbox 861 4209 956 4296; x_wconf 83' lang='lat' dir='ltr'>patri,</span> <span class='ocrx_word' id='word_1_210' title='bbox 984 4231 1045 4274; x_wconf 87' lang='lat' dir='ltr'>uon</span> <span class='ocrx_word' id='word_1_211' title='bbox 1068 4208 1187 4274; x_wconf 84' lang='lat' dir='ltr'>inultus</span> <span class='ocrx_word' id='word_1_212' title='bbox 1211 4208 1358 4276; x_wconf 87' lang='lat' dir='ltr'>manebit.</span> 
     </span>
    </p>
   </div>
   <div class='ocr_carea' id='block_1_6' title="bbox 0 0 1490 4974">
    <p class='ocr_par' dir='ltr' id='par_1_9' title="bbox 0 0 1490 4974">
     <span class='ocr_line' id='line_1_33' title="bbox 0 0 1490 4974; baseline 0 2"><span class='ocrx_word' id='word_1_213' title='bbox 0 0 1490 4974; x_wconf 95' lang='lat' dir='ltr'> </span> 
     </span>
    </p>
   </div>
  </div>
 </body>
</html>
