2972 4974
524 467 722 516 ANND'I'ATIO.

345 651 447 738 ,ἠδ’
469 648 525 716 οὐδ’
547 651 601 732 νὶῖιρ
623 647 679 716 οὐδ’
701 649 814 732 actuata
838 646 885 726 ἦνι

133 775 159 835 et
179 771 255 858 apud
278 770 460 848 Pindarum,
483 771 538 856 Py.
561 769 593 835 X
617 771 660 834 64

434 887 505 954 νόσυι
528 886 551 952 δ’
574 887 641 952 οὔτε
663 895 765 968 γῆρυς.

134 1007 265 1073 Σνιιιιύειν
295 1011 375 1072 recte
408 1008 526 1073 videtur
557 1005 755 1074 Blomfieldus
781 1007 988 1092 interpretari:
1012 1029 1130 1094 operam

134 1131 273 1212 praestare
294 1128 327 1191 in
351 1126 463 1192 scelere
485 1127 644 1213 expiando.
689 1125 812 1212 Quippe
833 1124 891 1192 hoc
915 1126 1036 1192 verbum
1061 1127 1132 1192 nni-

134 1267 234 1309 versam
254 1245 508 1332 significationem
525 1244 614 1334 habet
626 1244 842 1331 componendi,
854 1243 1033 1323 dirimendi,
1045 1244 1131 1310 velut

133 1363 213 1450 topia
244 1365 292 1449 aj.
325 1368 420 1441 1317,
442 1362 496 1428 ubi
527 1365 691 1450 opponitur
723 1363 813 1428 verbo
845 1362 1017 1442 ξυνάπτειν,
1047 1365 1129 1449 quod

133 1483 277 1569 significat
306 1483 338 1546 in
362 1482 509 1569 proelium
533 1482 702 1567 conjicere:
728 1481 840 1548 Herod.
864 1483 900 1548 L.
922 1483 940 1548 I
964 1505 989 1548 c.
1015 1485 1056 1548 18
1077 1483 1133 1550 art·

133 1615 211 1679 λεμιν
232 1599 397 1668 συνιὶπτιιν.
444 1601 503 1666 Illu
526 1605 625 1668 auteur
648 1600 731 1668 verbi
750 1601 886 1669 συλλύειν
904 1602 1132 1689 significatiosi

133 1719 164 1784 al
184 1741 246 1784 eam
267 1742 348 1797 rem,
366 1699 481 1805 dequo
500 1718 551 1784 hio
571 1721 688 1806 agitur,
707 1721 904 1797 transfertur,
920 1720 1129 1786 reconciliatio

133 1839 260 1924 ponenda
285 1844 333 1903 est
362 1841 395 1902 iu
423 1840 612 1926 expiatione,
642 1861 718 1925 quae
747 1845 793 1906 est
825 1839 1032 1906 reconciliatio
1061 1861 1130 1906 oum

134 1961 206 2043 patre
229 1958 360 2043 Diisque
379 1958 475 2022 iratis.

171 2081 240 2141 298.
285 2074 346 2141 ἔστ’
375 2075 539 2157 ἕρνιισπέσν.
585 2077 634 2140 Ita
661 2075 750 2153 libri,
774 2074 820 2140 rel
843 2075 950 2144 simile.
993 2075 1059 2142 Alii
1082 2099 1129 2142 se-

135 2195 255 2260 cundnm
280 2194 456 2261 Turnebum
479 2193 678 2274 ἕξερνιισπέιν.

171 2317 240 2380 200.
285 2313 499 2393 συμπίτνουσιν.
544 2311 631 2378 Libri
654 2312 877 2392 acceleravere.

171 2434 241 2497 001.
286 2431 354 2513 πρὸς
376 2430 475 2512 πιέζει.
521 2432 609 2497 Libri
631 2431 801 2514 πρυτπιέζει.

171 2553 240 2616 302.
286 2551 419 2623 πυλίτιις.
460 2549 630 2616 Scholiasta
641 2553 774 2638 Argivos
786 2552 953 2637 significari
964 2553 1129 2618 existimat.

138 2666 204 2734 llihi
234 2692 304 2735 rero
335 2670 457 2734 Orestes
488 2670 551 2755 ipse
566 2675 605 2736 ‚et
628 2669 750 2736 Electra
773 2671 939 2758 significari
964 2670 1128 2756 aliquando

137 2786 316 2854 utebantur:
335 2809 412 2872 quos
434 2810 526 2873 quum
545 2787 656 2874 -Trojae
679 2811 827 2854 eversores
851 2789 1035 2876 appellaret,
1054 2813 1129 2877 gen-

136 2905 209 2970 tilem
235 2907 318 2972 illum
342 2906 460 2972 laudem
483 2929 547 2974 esse
571 2913 601 2972 et
624 2912 776 2995 paternum
801 2909 929 2994 glorian
954 2909 991 2976 ad
1014 2909 1128 2996 prolem

137 3045 295 3111 genuonnr
318 3029 468 3114 pertinere
490 3026 696 3094 arbitraretur.
744 3029 857 3094 Verum
878 3027 1058 3094 scholiastae
1077 3051 1130 3094 ex·

138 3143 316 3229 plicationem
348 3168 432 3212 nunc
466 3149 612 3212 veriorem
643 3148 797 3214 existimo:
828 3169 934 3234 nempe
952 3147 1041 3214 bonis
1063 3149 1128 3214 suis

137 3267 257 3348 potamia
286 3265 515 3352 recuperandis,
544 3267 577 3330 in
607 3264 719 3351 quibus
749 3267 866 3332 inimici
897 3288 966 3333 oum
990 3267 1129 3352 superbia

138 3378 372 3462 luxuriabantur,
399 3385 491 3450 simul
521 3384 680 3472 imperium
706 3383 771 3452 illis
794 3385 948 3471 eripiendo
971 3405 1131 3472 recupera-

140 3505 216 3567 turos
243 3510 320 3582 nat,
346 3503 569 3590 pristinumque
592 3504 779 3590 splendorem
803 3505 918 3590 regium
942 3504 1130 3570 instauratu-

39 3650 43 3665 ·
140 3637 195 3696 rus,
224 3645 282 3707 quo
320 3622 451 3710 populus
484 3629 572 3688 autea
601 3623 725 3710 gavisus
756 3644 839 3688 nuno
872 3621 1000 3688 carebat
1047 3621 1128 3688 Vide

141 3739 272 3820 ,tt-58,
297 3743 481 3808 rae-187.

179 3859 244 3923 303.
287 3859 398 3940 εὐδόξῳ.
443 3859 496 3925 Sic
517 3858 596 3924 libri.
642 3857 747 3924 llditio
770 3855 940 3926 Robortelli
963 3857 1062 3940 clep.

112 3993 116 4004 ·
179 3977 244 4041 305.
288 3979 312 4044 εἰ
335 3977 364 4043 a
386 3979 437 4058 ptr.
481 3977 629 4064 Perquam
663 3977 820 4063 ingeniose
853 3981 884 4042 et
911 3977 1038 4044 tortasse
1066 3999 1133 4043 vere

143 4091 237 4178 aliquis
256 4097 416 4184 legendum
441 4102 530 4185 putat
552 4100 576 4165 εἰ
599 4099 624 4162 δ’
645 4099 710 4177 ἐμὴ.
756 4098 794 4162 In
814 4096 924 4164 Rhein.
944 4097 1025 4164 Mus.
1045 4098 1134 4166 Neue

144 4208 342 4305 RXIIIp.
368 4221 441 4283 461.
