2972 4974
556 509 755 554 unnornrro.
1100 492 1161 554 163

198 695 270 758 802.
315 691 487 775 σύμφρονες.
536 693 651 778 Nempe
673 690 838 756 nobiscum.
882 690 996 756 Audite
1020 697 1050 756 et
1072 690 1160 758 nobis

151 812 349 878 assentimini.
396 810 442 876 of.
465 832 541 896 quae
571 812 609 875 ad
642 834 682 875 vs.
708 814 770 876 796
803 809 840 876 de
862 811 1018 892 προστιθεὶς
1039 813 1160 877 monui-

151 953 228 996 mus.
275 928 426 1017 Appellari
452 929 534 994 Deos
558 933 678 1016 penates
700 927 788 993 facile
810 928 1002 1015 intelligitur.

197 1050 270 1112 804.
316 1047 447 1114 λύσασθ’.
495 1045 660 1124 Redimite,
688 1049 733 1112 sic
755 1054 790 1112 ut
814 1070 851 1112 ne
873 1047 1003 1134 amplius
1026 1047 1100 1133 qnid
1123 1070 1158 1114 ex

148 1167 191 1230 iis
214 1167 378 1253 proveniat.

198 1287 272 1348 805.
317 1285 398 1350 τέκον.
434 1284 480 1350 Of.
502 1288 575 1350 648.
609 1286 657 1349 Sit
676 1284 748 1350 haec
766 1285 869 1360 caedes
881 1283 1010 1349 feliciter
1021 1291 1160 1371 peracta,

151 1425 256 1468 verum
277 1403 318 1466 sit
340 1402 450 1467 ultima
475 1404 585 1468 vetusti
611 1404 768 1491 sanguinis
791 1404 958 1490 progenies.

199 1523 273 1586 806.
319 1521 376 1586 ust
399 1525 589 1588 accusativus
613 1521 785 1588 absolutus:
810 1521 875 1588 τοδε
899 1521 1086 1588 substantive
1109 1545 1162 1610 po-

153 1641 264 1719 sitnm,
296 1641 520 1728 significatione
550 1641 631 1706 verbi
662 1640 699 1705 ud
731 1641 899 1726 subjectum
922 1640 1082 1706 translata:
1105 1639 1164 1706 hoc

153 1781 247 1844 quum
279 1759 470 1824 interfectum
502 1760 574 1835 erit,
602 1759 621 1825 i.
646 1782 669 1822 e.
693 1781 788 1844 quum
811 1758 884 1824 hseo
908 1758 1013 1824 caedes
1032 1759 1164 1846 perfecta
1233 1755 1237 1768 ’

154 1878 221 1942 erit.
257 1875 367 1950 Kanate
391 1877 427 1942 ad
451 1886 576 1943 eventus
601 1877 774 1943 felicitatem
799 1879 1016 1965 potiusquam
1041 1877 1078 1942 ad
1099 1877 1164 1942 lau·

156 1997 221 2060 dem
254 1998 401 2084 pertinet,
423 2018 603 2082 quamquam
627 1997 660 2061 in
684 2019 714 2061 ra
737 1996 882 2062 laudabili
908 1997 1031 2062 dicitur.
1076 1997 1165 2062 Non·

155 2113 233 2180 nulli
270 2119 426 2179 mutarunt
460 2113 603 2192 κτνέμενον
637 2115 670 2179 in
704 2115 835 2194 κτίμενον
868 2121 898 2182 et
927 2117 1166 2202 conjunxerunt,

158 2235 405 2320 interpunctione
439 2240 570 2311 mutata,
605 2257 672 2300 cum
708 2239 851 2321 sequente
881 2234 1005 2314 οτόμοον.
1051 2235 1165 2302 Verum

156 2353 301 2431 κτοὶμενον
328 2357 359 2416 et
385 2352 418 2416 in
442 2351 528 2417 libris
552 2357 597 2418 est
620 2359 651 2418 et
673 2375 690 2416 a
711 2351 875 2418 scholiasta
898 2354 1091 2440 agnoscitur,
1114 2377 1165 2418 ex·

157 2473 293 2560 plicante
314 2471 569 2554 νένοονρεθκοόμενον.

206 2594 278 2656 807.
324 2587 511 2656 Scholiasta:
534 2586 668 2666 ὦ“Ανδκ;
690 2590 727 2655 cf.
744 2589 896 2678 Virgilius
915 2593 990 2656 Aen.
1001 2590 1086 2654 VIII
1102 2596 1164 2658 667

159 2711 220 2776 alta
247 2711 326 2776 ostia
358 2710 449 2776 Ditis.
499 2709 713 2774 Verumtamen
742 2709 849 2774 melius
874 2708 925 2774 alii
953 2710 1167 2776 existimarunt

158 2828 331 2916 Apollinem
356 2829 539 2916 significari:
560 2827 668 2892 Strabo
692 2829 727 2892 L.
751 2829 801 2894 IX
822 2851 847 2893 ο.
869 2828 922 2892 ΠΙ
945 2827 1023 2910 φονον
1047 2828 1071 2893 δ’
1096 2825 1166 2894 εἷνονν

159 2949 193 3015 τὸ
218 2953 354 3027 μοοντεῖον
383 2944 482 3029 ἄντρον
505 2957 597 3014 κοῖλον
621 2948 701 3013 κοντοὶ
724 2947 847 3026 βάθους,
870 2950 901 3012 οὐ
924 2947 1013 3028 μοὲλον
1035 2947 1166 3029 εὐρύστο-

160 3087 228 3146 μον·
253 3107 295 3116 -
319 3067 499 3146 circumietur
530 3067 559 3130 δὲ
590 3073 640 3132 τοῦ
672 3067 789 3146 οτομίον
821 3065 957 3148 τρίποδος
990 3067 1167 3154 magnitudo

160 3209 232 3275 ergo
255 3187 327 3252 ostii
352 3208 412 3250 non
438 3185 613 3250 latitudinis
638 3208 738 3252 verum
763 3185 979 3273 profunditatis
1003 3191 1057 3252 est.

176 3309 279 3386 ,808.
324 3301 356 3372 εὖ
378 3304 433 3378 δὸς.
468 3300 501 3370 εὖ
518 3304 620 3370 dublum
641 3307 726 3370 affert
746 3302 930 3370 Abreschius
951 3303 1074 3391 eSoph.
1095 3304 1169 3370 Oed.

161 3425 232 3511 Tyr.
257 3425 342 3490 1081
366 3429 397 3489 et
420 3424 494 3490 Oed.
518 3423 582 3488 Col.
607 3427 680 3488 642.

207 3548 280 3610 808.
324 3542 430 3624 ἀνδρὸς.
476 3543 630 3628 Stanlejus
654 3541 762 3608 maluit
785 3540 884 3624 ἄνδρα.

206 3664 281 3728 810.
325 3660 362 3727 τ’.
409 3661 539 3728 Addidit
563 3661 739 3740 Turnebus,
762 3661 962 3726 desideratum
987 3660 1137 3730 inlibris.

207 3785 281 3846 811.
326 3780 464 3863 δνοφερὰς
484 3780 666 3862 uenimus.
701 3780 753 3844 Sic
775 3779 855 3846 libri.
893 3779 1084 3845 Hermunnus
1107 3779 1171 3844 edi-

162 3901 209 3966 dit
231 3903 263 3966 ἐκ
286 3899 425 3982 δνοφερᾶς
449 3900 641 3981 antelmus,
665 3903 696 3963 et
717 3899 886 3986 genitivum
913 3898 990 3963 dicit
1013 3899 1135 3984 agnosci
1155 3921 1171 3962 a

161 4021 342 4099 scholiasta,
373 4019 524 4086 scribente
554 4025 604 4086 τοῦ
627 4019 760 4092 σκότονςτ
786 4042 846 4084 non
871 4026 971 4084 tamen
995 4019 1063 4084 ideo
1084 4040 1172 4106 appa-

162 4146 226 4220 ret,
256 4140 344 4206 illum
376 4139 485 4227 legisse
515 4140 670 4222 δνοφεμᾶςε
702 4140 804 4226 potuit
826 4137 880 4204 illu
901 4138 1003 4226 glossa
1025 4138 1173 4226 pertinere

161 4283 224 4328 non
248 4261 286 4326 ad
310 4259 450 4346 δνοφερᾶς
473 4259 667 4340 resumas,
692 4259 743 4324 sed
767 4257 945 4346 simpliciter
964 4256 1000 4322 ad
1020 4256 1176 4340 δνοφερὰς,

948 4385 951 4394 ’
996 4376 1056 4436 ll·
