<?xml version="1.0" encoding="UTF-8"?>
<!DOCTYPE html PUBLIC "-//W3C//DTD XHTML 1.0 Transitional//EN"
    "http://www.w3.org/TR/xhtml1/DTD/xhtml1-transitional.dtd">
<html xmlns="http://www.w3.org/1999/xhtml" xml:lang="en" lang="en">
 <head>
  <title>
</title>
<meta http-equiv="Content-Type" content="text/html;charset=utf-8" />
  <meta name='ocr-system' content='tesseract 3.04.00' />
  <meta name='ocr-capabilities' content='ocr_page ocr_carea ocr_par ocr_line ocrx_word'/>
</head>
<body>
  <div class='ocr_page' id='page_1' title='image "aeschylichoepho00jonggoog_0073.png"; bbox 0 0 3030 4978; ppageno 0'>
   <div class='ocr_carea' id='block_1_1' title="bbox 544 481 1238 544">
    <p class='ocr_par' dir='ltr' id='par_1_1' title="bbox 544 481 1238 544">
     <span class='ocr_line' id='line_1_1' title="bbox 544 481 1238 544; baseline -0.003 -2"><span class='ocrx_word' id='word_1_1' title='bbox 544 496 808 544; x_wconf 81' lang='lat' dir='ltr'>rumuruummo</span> <span class='ocrx_word' id='word_1_2' title='bbox 832 497 966 542; x_wconf 72' lang='lat' dir='ltr'>narrar.</span> <span class='ocrx_word' id='word_1_3' title='bbox 1198 481 1238 540; x_wconf 87' lang='lat'>61</span> 
     </span>
    </p>
   </div>
   <div class='ocr_carea' id='block_1_2' title="bbox 376 799 1108 879">
    <p class='ocr_par' dir='ltr' id='par_1_2' title="bbox 376 799 1108 879">
     <span class='ocr_line' id='line_1_2' title="bbox 376 799 1108 879; baseline 0 -12"><span class='ocrx_word' id='word_1_4' title='bbox 376 803 540 879; x_wconf 81' lang='lat' dir='ltr'>Onusans,</span> <span class='ocrx_word' id='word_1_5' title='bbox 564 801 734 878; x_wconf 72' lang='lat' dir='ltr'>Pannona,</span> <span class='ocrx_word' id='word_1_6' title='bbox 757 799 938 878; x_wconf 75' lang='lat' dir='ltr'>Fauuaus,</span> <span class='ocrx_word' id='word_1_7' title='bbox 960 801 1108 868; x_wconf 81' lang='lat' dir='ltr'>anaus.</span> 
     </span>
    </p>
   </div>
   <div class='ocr_carea' id='block_1_3' title="bbox 224 1037 1314 2552">
    <p class='ocr_par' dir='ltr' id='par_1_3' title="bbox 224 1037 1240 1481">
     <span class='ocr_line' id='line_1_3' title="bbox 277 1037 1240 1126; baseline 0 -24"><span class='ocrx_word' id='word_1_8' title='bbox 277 1039 326 1102; x_wconf 85' lang='lat' dir='ltr'>Or.</span> <span class='ocrx_word' id='word_1_9' title='bbox 371 1039 467 1117; x_wconf 84' lang='lat' dir='ltr'>Puer,</span> <span class='ocrx_word' id='word_1_10' title='bbox 489 1037 672 1126; x_wconf 69' lang='lat' dir='ltr'>puer„audi</span> <span class='ocrx_word' id='word_1_11' title='bbox 696 1038 828 1102; x_wconf 87' lang='lat' dir='ltr'>sonitum</span> <span class='ocrx_word' id='word_1_12' title='bbox 848 1037 957 1122; x_wconf 86' lang='lat' dir='ltr'>januae</span> <span class='ocrx_word' id='word_1_13' title='bbox 980 1038 1073 1103; x_wconf 88' lang='lat' dir='ltr'>aulae.</span> <span class='ocrx_word' id='word_1_14' title='bbox 1105 1039 1134 1102; x_wconf 92' lang='grc' dir='ltr'>Ο</span> <span class='ocrx_word' id='word_1_15' title='bbox 1157 1059 1240 1124; x_wconf 90' lang='lat' dir='ltr'>puer,</span> 
     </span>
     <span class='ocr_line' id='line_1_4' title="bbox 225 1157 1238 1243; baseline 0 -21"><span class='ocrx_word' id='word_1_16' title='bbox 225 1180 319 1243; x_wconf 86' lang='lat' dir='ltr'>puer,</span> <span class='ocrx_word' id='word_1_17' title='bbox 355 1158 417 1243; x_wconf 86' lang='lat' dir='ltr'>jam</span> <span class='ocrx_word' id='word_1_18' title='bbox 453 1160 579 1236; x_wconf 87' lang='lat' dir='ltr'>iterum,</span> <span class='ocrx_word' id='word_1_19' title='bbox 614 1159 717 1243; x_wconf 89' lang='lat' dir='ltr'>ecquis</span> <span class='ocrx_word' id='word_1_20' title='bbox 752 1157 832 1222; x_wconf 91' lang='lat' dir='ltr'>domi</span> <span class='ocrx_word' id='word_1_21' title='bbox 867 1159 936 1222; x_wconf 79' lang='lat' dir='ltr'>est?</span> <span class='ocrx_word' id='word_1_22' title='bbox 983 1158 1123 1223; x_wconf 83' lang='lat' dir='ltr'>Tertium</span> <span class='ocrx_word' id='word_1_23' title='bbox 1156 1179 1238 1223; x_wconf 89' lang='lat' dir='ltr'>nune</span> 
     </span>
     <span class='ocr_line' id='line_1_5' title="bbox 225 1275 1240 1364; baseline -0.005 -18"><span class='ocrx_word' id='word_1_24' title='bbox 225 1276 326 1346; x_wconf 83' lang='lat' dir='ltr'>clamo</span> <span class='ocrx_word' id='word_1_25' title='bbox 347 1281 384 1341; x_wconf 90' lang='lat' dir='ltr'>ut</span> <span class='ocrx_word' id='word_1_26' title='bbox 407 1284 532 1342; x_wconf 84' lang='lat' dir='ltr'>exeatur</span> <span class='ocrx_word' id='word_1_27' title='bbox 553 1277 660 1354; x_wconf 91' lang='lat' dir='ltr'>domo,</span> <span class='ocrx_word' id='word_1_28' title='bbox 691 1277 718 1340; x_wconf 90' lang='lat' dir='ltr'>si</span> <span class='ocrx_word' id='word_1_29' title='bbox 741 1276 863 1360; x_wconf 89' lang='lat' dir='ltr'>quidem</span> <span class='ocrx_word' id='word_1_30' title='bbox 886 1299 949 1340; x_wconf 90' lang='lat' dir='ltr'>eam</span> <span class='ocrx_word' id='word_1_31' title='bbox 972 1275 1152 1364; x_wconf 86' lang='lat' dir='ltr'>hospitalem</span> <span class='ocrx_word' id='word_1_32' title='bbox 1176 1299 1240 1341; x_wconf 90' lang='lat' dir='ltr'>esse</span> 
     </span>
     <span class='ocr_line' id='line_1_6' title="bbox 224 1393 497 1481; baseline 0.004 -21"><span class='ocrx_word' id='word_1_33' title='bbox 224 1393 397 1481; x_wconf 83' lang='lat' dir='ltr'>Aegisthus</span> <span class='ocrx_word' id='word_1_34' title='bbox 422 1395 497 1461; x_wconf 87' lang='lat' dir='ltr'>vult.</span> 
     </span>
    </p>

    <p class='ocr_par' dir='ltr' id='par_1_4' title="bbox 273 1512 1182 1601">
     <span class='ocr_line' id='line_1_7' title="bbox 273 1512 1182 1601; baseline 0.002 -24"><span class='ocrx_word' id='word_1_35' title='bbox 273 1515 430 1579; x_wconf 78' lang='lat' dir='ltr'>Famulus.</span> <span class='ocrx_word' id='word_1_36' title='bbox 475 1515 525 1580; x_wconf 82' lang='lat' dir='ltr'>sir</span> <span class='ocrx_word' id='word_1_37' title='bbox 548 1514 606 1578; x_wconf 88' lang='lat' dir='ltr'>ita:</span> <span class='ocrx_word' id='word_1_38' title='bbox 629 1513 736 1578; x_wconf 90' lang='lat' dir='ltr'>audio:</span> <span class='ocrx_word' id='word_1_39' title='bbox 760 1513 843 1599; x_wconf 87' lang='lat' dir='ltr'>cujas</span> <span class='ocrx_word' id='word_1_40' title='bbox 867 1535 899 1578; x_wconf 87' lang='lat' dir='ltr'>es</span> <span class='ocrx_word' id='word_1_41' title='bbox 922 1512 1054 1601; x_wconf 81' lang='lat' dir='ltr'>hospes?</span> <span class='ocrx_word' id='word_1_42' title='bbox 1078 1514 1182 1579; x_wconf 85' lang='lat' dir='ltr'>unde?</span> 
     </span>
    </p>

    <p class='ocr_par' dir='ltr' id='par_1_5' title="bbox 225 1631 1314 2552">
     <span class='ocr_line' id='line_1_8' title="bbox 276 1631 1238 1716; baseline 0.003 -21"><span class='ocrx_word' id='word_1_43' title='bbox 276 1634 324 1698; x_wconf 89' lang='lat' dir='ltr'>Or.</span> <span class='ocrx_word' id='word_1_44' title='bbox 370 1633 495 1699; x_wconf 90' lang='lat' dir='ltr'>Nuncia</span> <span class='ocrx_word' id='word_1_45' title='bbox 526 1632 657 1697; x_wconf 88' lang='lat' dir='ltr'>dominis</span> <span class='ocrx_word' id='word_1_46' title='bbox 681 1632 804 1710; x_wconf 89' lang='lat' dir='ltr'>domus,</span> <span class='ocrx_word' id='word_1_47' title='bbox 836 1631 874 1696; x_wconf 88' lang='lat' dir='ltr'>ad</span> <span class='ocrx_word' id='word_1_48' title='bbox 906 1653 982 1716; x_wconf 88' lang='lat' dir='ltr'>quos</span> <span class='ocrx_word' id='word_1_49' title='bbox 1013 1634 1102 1698; x_wconf 84' lang='lat' dir='ltr'>venio</span> <span class='ocrx_word' id='word_1_50' title='bbox 1129 1637 1161 1697; x_wconf 90' lang='lat' dir='ltr'>et</span> <span class='ocrx_word' id='word_1_51' title='bbox 1184 1655 1238 1698; x_wconf 94' lang='lat' dir='ltr'>no-</span> 
     </span>
     <span class='ocr_line' id='line_1_9' title="bbox 225 1750 1314 1838; baseline 0 -23"><span class='ocrx_word' id='word_1_52' title='bbox 225 1773 295 1816; x_wconf 87' lang='lat' dir='ltr'>vam</span> <span class='ocrx_word' id='word_1_53' title='bbox 318 1753 425 1816; x_wconf 89' lang='lat' dir='ltr'>famam</span> <span class='ocrx_word' id='word_1_54' title='bbox 448 1752 520 1817; x_wconf 81' lang='lat' dir='ltr'>fero,</span> <span class='ocrx_word' id='word_1_55' title='bbox 567 1752 713 1838; x_wconf 88' lang='lat' dir='ltr'>Propera,</span> <span class='ocrx_word' id='word_1_56' title='bbox 743 1750 989 1836; x_wconf 86' lang='lat' dir='ltr'>quandoquidem</span> <span class='ocrx_word' id='word_1_57' title='bbox 1019 1752 1109 1816; x_wconf 88' lang='lat' dir='ltr'>etiam</span> <span class='ocrx_word' id='word_1_58' title='bbox 1136 1752 1238 1816; x_wconf 88' lang='lat' dir='ltr'>noetis</span> <span class='ocrx_word' id='word_1_59' title='bbox 1251 1754 1314 1816; x_wconf 90' lang='lat'>660</span> 
     </span>
     <span class='ocr_line' id='line_1_10' title="bbox 226 1868 1238 1957; baseline 0 -22"><span class='ocrx_word' id='word_1_60' title='bbox 226 1892 336 1936; x_wconf 85' lang='lat' dir='ltr'>currus</span> <span class='ocrx_word' id='word_1_61' title='bbox 367 1877 431 1936; x_wconf 89' lang='lat' dir='ltr'>ater</span> <span class='ocrx_word' id='word_1_62' title='bbox 460 1872 580 1949; x_wconf 72' lang='lat' dir='ltr'>instat,</span> <span class='ocrx_word' id='word_1_63' title='bbox 605 1877 786 1957; x_wconf 81' lang='lat' dir='ltr'>tempusque</span> <span class='ocrx_word' id='word_1_64' title='bbox 815 1875 860 1934; x_wconf 89' lang='lat' dir='ltr'>est</span> <span class='ocrx_word' id='word_1_65' title='bbox 882 1868 1161 1956; x_wconf 83' lang='lat' dir='ltr'>peregrinatoribus</span> <span class='ocrx_word' id='word_1_66' title='bbox 1186 1869 1238 1936; x_wconf 87' lang='lat' dir='ltr'>dc-</span> 
     </span>
     <span class='ocr_line' id='line_1_11' title="bbox 225 1987 1238 2076; baseline -0.001 -22"><span class='ocrx_word' id='word_1_67' title='bbox 225 1991 347 2054; x_wconf 83' lang='lat' dir='ltr'>mittere</span> <span class='ocrx_word' id='word_1_68' title='bbox 370 1987 529 2054; x_wconf 79' lang='lat' dir='ltr'><strong>anchoram</strong></span> <span class='ocrx_word' id='word_1_69' title='bbox 553 1990 586 2054; x_wconf 93' lang='lat' dir='ltr'>in</span> <span class='ocrx_word' id='word_1_70' title='bbox 611 1989 715 2066; x_wconf 91' lang='lat' dir='ltr'>domo,</span> <span class='ocrx_word' id='word_1_71' title='bbox 737 2011 813 2074; x_wconf 86' lang='lat' dir='ltr'>quae</span> <span class='ocrx_word' id='word_1_72' title='bbox 837 1992 916 2052; x_wconf 89' lang='lat' dir='ltr'>amet</span> <span class='ocrx_word' id='word_1_73' title='bbox 939 1989 1076 2076; x_wconf 80' lang='lat' dir='ltr'>excipere</span> <span class='ocrx_word' id='word_1_74' title='bbox 1094 1987 1238 2075; x_wconf 87' lang='lat' dir='ltr'>hospites.</span> 
     </span>
     <span class='ocr_line' id='line_1_12' title="bbox 225 2107 1237 2196; baseline 0 -24"><span class='ocrx_word' id='word_1_75' title='bbox 225 2108 324 2173; x_wconf 80' lang='lat' dir='ltr'>Exeat</span> <span class='ocrx_word' id='word_1_76' title='bbox 347 2109 447 2193; x_wconf 86' lang='lat' dir='ltr'>aliqua</span> <span class='ocrx_word' id='word_1_77' title='bbox 469 2129 546 2193; x_wconf 90' lang='lat' dir='ltr'>quae</span> <span class='ocrx_word' id='word_1_78' title='bbox 570 2108 673 2173; x_wconf 90' lang='lat' dir='ltr'>domui</span> <span class='ocrx_word' id='word_1_79' title='bbox 691 2107 820 2192; x_wconf 89' lang='lat' dir='ltr'>locoque</span> <span class='ocrx_word' id='word_1_80' title='bbox 839 2112 955 2196; x_wconf 84' lang='lat' dir='ltr'>praeest</span> <span class='ocrx_word' id='word_1_81' title='bbox 974 2108 1092 2172; x_wconf 88' lang='lat' dir='ltr'>femina.</span> <span class='ocrx_word' id='word_1_82' title='bbox 1128 2107 1237 2173; x_wconf 84' lang='lat' dir='ltr'>Virum</span> 
     </span>
     <span class='ocr_line' id='line_1_13' title="bbox 227 2226 1240 2313; baseline -0.002 -21"><span class='ocrx_word' id='word_1_83' title='bbox 227 2232 331 2292; x_wconf 86' lang='lat' dir='ltr'>tamen</span> <span class='ocrx_word' id='word_1_84' title='bbox 355 2227 475 2313; x_wconf 83' lang='lat' dir='ltr'>prodire</span> <span class='ocrx_word' id='word_1_85' title='bbox 497 2233 644 2313; x_wconf 78' lang='lat' dir='ltr'>praestat:</span> <span class='ocrx_word' id='word_1_86' title='bbox 667 2231 734 2291; x_wconf 91' lang='lat' dir='ltr'>tum</span> <span class='ocrx_word' id='word_1_87' title='bbox 756 2229 835 2291; x_wconf 90' lang='lat' dir='ltr'>enim</span> <span class='ocrx_word' id='word_1_88' title='bbox 859 2249 920 2291; x_wconf 91' lang='lat' dir='ltr'>non</span> <span class='ocrx_word' id='word_1_89' title='bbox 944 2227 1072 2292; x_wconf 90' lang='lat' dir='ltr'>obseura</span> <span class='ocrx_word' id='word_1_90' title='bbox 1094 2228 1127 2291; x_wconf 91' lang='lat' dir='ltr'>iu</span> <span class='ocrx_word' id='word_1_91' title='bbox 1145 2226 1240 2292; x_wconf 88' lang='lat' dir='ltr'>colio·</span> 
     </span>
     <span class='ocr_line' id='line_1_14' title="bbox 225 2345 1236 2433; baseline 0 -24"><span class='ocrx_word' id='word_1_92' title='bbox 225 2346 298 2430; x_wconf 93' lang='lat' dir='ltr'>quio</span> <span class='ocrx_word' id='word_1_93' title='bbox 328 2345 427 2432; x_wconf 89' lang='lat' dir='ltr'>pudor</span> <span class='ocrx_word' id='word_1_94' title='bbox 457 2345 546 2410; x_wconf 85' lang='lat' dir='ltr'>verbe</span> <span class='ocrx_word' id='word_1_95' title='bbox 569 2345 688 2410; x_wconf 86' lang='lat' dir='ltr'>reddit:</span> <span class='ocrx_word' id='word_1_96' title='bbox 723 2345 861 2431; x_wconf 86' lang='lat' dir='ltr'>loquitur</span> <span class='ocrx_word' id='word_1_97' title='bbox 884 2350 981 2411; x_wconf 88' lang='lat' dir='ltr'>metus</span> <span class='ocrx_word' id='word_1_98' title='bbox 1004 2367 1108 2433; x_wconf 85' lang='lat' dir='ltr'>expers</span> <span class='ocrx_word' id='word_1_99' title='bbox 1130 2347 1178 2411; x_wconf 84' lang='lat' dir='ltr'>vir</span> <span class='ocrx_word' id='word_1_100' title='bbox 1200 2346 1236 2410; x_wconf 90' lang='lat' dir='ltr'>ad</span> 
     </span>
     <span class='ocr_line' id='line_1_15' title="bbox 225 2464 893 2552; baseline -0.003 -22"><span class='ocrx_word' id='word_1_101' title='bbox 225 2464 324 2530; x_wconf 89' lang='lat' dir='ltr'>virum</span> <span class='ocrx_word' id='word_1_102' title='bbox 348 2470 378 2530; x_wconf 89' lang='lat' dir='ltr'>et</span> <span class='ocrx_word' id='word_1_103' title='bbox 401 2470 503 2552; x_wconf 84' lang='lat' dir='ltr'>aperte</span> <span class='ocrx_word' id='word_1_104' title='bbox 526 2465 708 2530; x_wconf 85' lang='lat' dir='ltr'>sententiam</span> <span class='ocrx_word' id='word_1_105' title='bbox 731 2464 893 2551; x_wconf 88' lang='lat' dir='ltr'>significat.</span> 
     </span>
    </p>
   </div>
   <div class='ocr_carea' id='block_1_4' title="bbox 389 2699 1079 2898">
    <p class='ocr_par' dir='ltr' id='par_1_6' title="bbox 389 2699 1079 2898">
     <span class='ocr_line' id='line_1_16' title="bbox 389 2699 1079 2780; baseline 0.003 -16"><span class='ocrx_word' id='word_1_106' title='bbox 389 2701 554 2780; x_wconf 76' lang='lat' dir='ltr'>Onns&#39;ms,</span> <span class='ocrx_word' id='word_1_107' title='bbox 578 2701 748 2779; x_wconf 69' lang='lat' dir='ltr'>Primores,</span> <span class='ocrx_word' id='word_1_108' title='bbox 771 2699 1079 2778; x_wconf 79' lang='lat' dir='ltr'>Garrauuuasuus,</span> 
     </span>
     <span class='ocr_line' id='line_1_17' title="bbox 555 2819 902 2898; baseline 0 -14"><span class='ocrx_word' id='word_1_109' title='bbox 555 2819 734 2898; x_wconf 63' lang='lat' dir='ltr'>ursanus,</span> <span class='ocrx_word' id='word_1_110' title='bbox 757 2819 902 2885; x_wconf 82' lang='lat' dir='ltr'>Cuoaus.</span> 
     </span>
    </p>
   </div>
   <div class='ocr_carea' id='block_1_5' title="bbox 224 3054 1311 3977">
    <p class='ocr_par' dir='ltr' id='par_1_7' title="bbox 224 3054 1311 3717">
     <span class='ocr_line' id='line_1_18' title="bbox 275 3054 1235 3142; baseline 0.003 -24"><span class='ocrx_word' id='word_1_111' title='bbox 275 3054 522 3140; x_wconf 68' lang='lat' dir='ltr'>Ohstoemneatra.</span> <span class='ocrx_word' id='word_1_112' title='bbox 569 3055 733 3142; x_wconf 86' lang='lat' dir='ltr'>Hospites,</span> <span class='ocrx_word' id='word_1_113' title='bbox 759 3056 868 3135; x_wconf 89' lang='lat' dir='ltr'>dicite,</span> <span class='ocrx_word' id='word_1_114' title='bbox 897 3055 924 3119; x_wconf 89' lang='lat' dir='ltr'>si</span> <span class='ocrx_word' id='word_1_115' title='bbox 943 3077 1003 3141; x_wconf 88' lang='lat' dir='ltr'>qua</span> <span class='ocrx_word' id='word_1_116' title='bbox 1025 3077 1057 3119; x_wconf 88' lang='lat' dir='ltr'>re</span> <span class='ocrx_word' id='word_1_117' title='bbox 1080 3075 1156 3142; x_wconf 85' lang='lat' dir='ltr'>opus</span> <span class='ocrx_word' id='word_1_118' title='bbox 1180 3057 1235 3121; x_wconf 91' lang='lat' dir='ltr'>sit:</span> 
     </span>
     <span class='ocr_line' id='line_1_19' title="bbox 225 3163 1235 3260; baseline 0.001 -23"><span class='ocrx_word' id='word_1_119' title='bbox 225 3195 293 3238; x_wconf 89' lang='lat' dir='ltr'>nam</span> <span class='ocrx_word' id='word_1_120' title='bbox 324 3179 442 3260; x_wconf 88' lang='lat' dir='ltr'>praesto</span> <span class='ocrx_word' id='word_1_121' title='bbox 473 3178 561 3251; x_wconf 86' lang='lat' dir='ltr'>sunt,</span> <span class='ocrx_word' id='word_1_122' title='bbox 589 3196 666 3259; x_wconf 89' lang='lat' dir='ltr'>quae</span> <span class='ocrx_word' id='word_1_123' title='bbox 696 3174 774 3239; x_wconf 77' lang='lat' dir='ltr'>liene</span> <span class='ocrx_word' id='word_1_124' title='bbox 806 3163 928 3239; x_wconf 81' lang='lat' dir='ltr'>domum</span> <span class='ocrx_word' id='word_1_125' title='bbox 953 3174 1077 3252; x_wconf 89' lang='lat' dir='ltr'>decent,</span> <span class='ocrx_word' id='word_1_126' title='bbox 1112 3172 1235 3238; x_wconf 81' lang='lat' dir='ltr'>balneae</span> 
     </span>
     <span class='ocr_line' id='line_1_20' title="bbox 226 3291 1311 3378; baseline -0.001 -22"><span class='ocrx_word' id='word_1_127' title='bbox 226 3291 353 3370; x_wconf 86' lang='lat' dir='ltr'>calidae,</span> <span class='ocrx_word' id='word_1_128' title='bbox 385 3298 415 3356; x_wconf 89' lang='lat' dir='ltr'>et</span> <span class='ocrx_word' id='word_1_129' title='bbox 444 3291 581 3358; x_wconf 90' lang='lat' dir='ltr'>laborum</span> <span class='ocrx_word' id='word_1_130' title='bbox 611 3293 761 3372; x_wconf 87' lang='lat' dir='ltr'>fomenta,</span> <span class='ocrx_word' id='word_1_131' title='bbox 792 3297 902 3371; x_wconf 89' lang='lat' dir='ltr'>strata,</span> <span class='ocrx_word' id='word_1_132' title='bbox 921 3294 1136 3378; x_wconf 82' lang='lat' dir='ltr'>justorumque</span> <span class='ocrx_word' id='word_1_133' title='bbox 1159 3295 1311 3359; x_wconf 82' lang='lat' dir='ltr'>oen-670</span> 
     </span>
     <span class='ocr_line' id='line_1_21' title="bbox 224 3410 1234 3500; baseline 0.002 -26"><span class='ocrx_word' id='word_1_134' title='bbox 224 3410 321 3477; x_wconf 87' lang='lat' dir='ltr'>lorum</span> <span class='ocrx_word' id='word_1_135' title='bbox 345 3412 522 3500; x_wconf 85' lang='lat' dir='ltr'>praesentia.</span> <span class='ocrx_word' id='word_1_136' title='bbox 568 3414 601 3478; x_wconf 84' lang='lat' dir='ltr'>Si</span> <span class='ocrx_word' id='word_1_137' title='bbox 635 3411 709 3499; x_wconf 90' lang='lat' dir='ltr'>quid</span> <span class='ocrx_word' id='word_1_138' title='bbox 744 3411 827 3477; x_wconf 86' lang='lat' dir='ltr'>aliud</span> <span class='ocrx_word' id='word_1_139' title='bbox 862 3413 928 3477; x_wconf 87' lang='lat' dir='ltr'>fieri</span> <span class='ocrx_word' id='word_1_140' title='bbox 961 3416 1119 3498; x_wconf 88' lang='lat' dir='ltr'>oporteat,</span> <span class='ocrx_word' id='word_1_141' title='bbox 1152 3413 1234 3496; x_wconf 91' lang='lat' dir='ltr'>quod</span> 
     </span>
     <span class='ocr_line' id='line_1_22' title="bbox 224 3531 1236 3620; baseline 0 -24"><span class='ocrx_word' id='word_1_142' title='bbox 224 3531 334 3616; x_wconf 89' lang='lat' dir='ltr'>majore</span> <span class='ocrx_word' id='word_1_143' title='bbox 366 3532 494 3597; x_wconf 86' lang='lat' dir='ltr'>consilio</span> <span class='ocrx_word' id='word_1_144' title='bbox 525 3532 677 3620; x_wconf 83' lang='lat' dir='ltr'>indigeat,</span> <span class='ocrx_word' id='word_1_145' title='bbox 708 3531 742 3596; x_wconf 93' lang='lat' dir='ltr'>id</span> <span class='ocrx_word' id='word_1_146' title='bbox 772 3534 829 3598; x_wconf 88' lang='lat' dir='ltr'>erit</span> <span class='ocrx_word' id='word_1_147' title='bbox 858 3533 931 3598; x_wconf 88' lang='lat' dir='ltr'>viris</span> <span class='ocrx_word' id='word_1_148' title='bbox 955 3532 1144 3610; x_wconf 85' lang='lat' dir='ltr'>faciendum,</span> <span class='ocrx_word' id='word_1_149' title='bbox 1167 3532 1236 3616; x_wconf 88' lang='lat' dir='ltr'>qui-</span> 
     </span>
     <span class='ocr_line' id='line_1_23' title="bbox 225 3650 676 3717; baseline 0.002 -2"><span class='ocrx_word' id='word_1_150' title='bbox 225 3650 351 3716; x_wconf 88' lang='lat' dir='ltr'>buscum</span> <span class='ocrx_word' id='word_1_151' title='bbox 377 3651 676 3717; x_wconf 85' lang='lat' dir='ltr'>communicabimus.</span> 
     </span>
    </p>

    <p class='ocr_par' dir='ltr' id='par_1_8' title="bbox 224 3768 1234 3977">
     <span class='ocr_line' id='line_1_24' title="bbox 270 3768 1234 3858; baseline 0 -24"><span class='ocrx_word' id='word_1_152' title='bbox 270 3772 319 3836; x_wconf 84' lang='lat' dir='ltr'>Or.</span> <span class='ocrx_word' id='word_1_153' title='bbox 366 3771 486 3858; x_wconf 91' lang='lat' dir='ltr'>Hospes</span> <span class='ocrx_word' id='word_1_154' title='bbox 510 3793 576 3837; x_wconf 87' lang='lat' dir='ltr'>sum</span> <span class='ocrx_word' id='word_1_155' title='bbox 601 3771 732 3836; x_wconf 83' lang='lat' dir='ltr'>Dauliua</span> <span class='ocrx_word' id='word_1_156' title='bbox 755 3793 792 3836; x_wconf 86' lang='lat' dir='ltr'>ex</span> <span class='ocrx_word' id='word_1_157' title='bbox 817 3768 972 3836; x_wconf 90' lang='lat' dir='ltr'>Phocide:</span> <span class='ocrx_word' id='word_1_158' title='bbox 1003 3771 1089 3836; x_wconf 89' lang='lat' dir='ltr'>eunti</span> <span class='ocrx_word' id='word_1_159' title='bbox 1112 3773 1234 3857; x_wconf 89' lang='lat' dir='ltr'>portan-</span> 
     </span>
     <span class='ocr_line' id='line_1_25' title="bbox 224 3888 1234 3977; baseline -0.001 -24"><span class='ocrx_word' id='word_1_160' title='bbox 224 3889 307 3973; x_wconf 92' lang='lat' dir='ltr'>tique</span> <span class='ocrx_word' id='word_1_161' title='bbox 339 3911 433 3954; x_wconf 88' lang='lat' dir='ltr'>meam</span> <span class='ocrx_word' id='word_1_162' title='bbox 469 3890 528 3976; x_wconf 91' lang='lat' dir='ltr'>ipsi</span> <span class='ocrx_word' id='word_1_163' title='bbox 563 3890 712 3954; x_wconf 83' lang='lat' dir='ltr'>sarcinam</span> <span class='ocrx_word' id='word_1_164' title='bbox 742 3892 857 3977; x_wconf 87' lang='lat' dir='ltr'>Argos,</span> <span class='ocrx_word' id='word_1_165' title='bbox 891 3890 1141 3974; x_wconf 88' lang='lat' dir='ltr'>quemadmodum</span> <span class='ocrx_word' id='word_1_166' title='bbox 1173 3888 1234 3952; x_wconf 90' lang='lat' dir='ltr'>huc</span> 
     </span>
    </p>
   </div>
   <div class='ocr_carea' id='block_1_6' title="bbox 224 4007 1235 4106">
    <p class='ocr_par' dir='ltr' id='par_1_9' title="bbox 224 4007 1235 4106">
     <span class='ocr_line' id='line_1_26' title="bbox 224 4007 1235 4106; baseline 0.002 -36"><span class='ocrx_word' id='word_1_167' title='bbox 224 4007 368 4073; x_wconf 88' lang='lat' dir='ltr'>accedeus</span> <span class='ocrx_word' id='word_1_168' title='bbox 391 4007 469 4072; x_wconf 91' lang='lat' dir='ltr'>solvi</span> <span class='ocrx_word' id='word_1_169' title='bbox 483 4007 598 4106; x_wconf 83' lang='lat' dir='ltr'>pedes,</span> <span class='ocrx_word' id='word_1_170' title='bbox 628 4008 735 4094; x_wconf 89' lang='lat' dir='ltr'>ignoto</span> <span class='ocrx_word' id='word_1_171' title='bbox 757 4009 884 4094; x_wconf 89' lang='lat' dir='ltr'>ignotus</span> <span class='ocrx_word' id='word_1_172' title='bbox 908 4009 954 4073; x_wconf 90' lang='lat' dir='ltr'>vir</span> <span class='ocrx_word' id='word_1_173' title='bbox 976 4007 1095 4073; x_wconf 86' lang='lat' dir='ltr'>obviam</span> <span class='ocrx_word' id='word_1_174' title='bbox 1119 4008 1235 4085; x_wconf 83' lang='lat' dir='ltr'>faetus,</span> 
     </span>
    </p>
   </div>
   <div class='ocr_carea' id='block_1_7' title="bbox 223 4124 1234 4334">
    <p class='ocr_par' dir='ltr' id='par_1_10' title="bbox 223 4124 1234 4334">
     <span class='ocr_line' id='line_1_27' title="bbox 223 4124 1234 4214; baseline 0 -24"><span class='ocrx_word' id='word_1_175' title='bbox 223 4146 314 4209; x_wconf 89' lang='lat' dir='ltr'>quum</span> <span class='ocrx_word' id='word_1_176' title='bbox 338 4127 555 4214; x_wconf 82' lang='lat' dir='ltr'>interrogasset</span> <span class='ocrx_word' id='word_1_177' title='bbox 577 4149 624 4191; x_wconf 92' lang='lat' dir='ltr'>me</span> <span class='ocrx_word' id='word_1_178' title='bbox 646 4124 781 4210; x_wconf 89' lang='lat' dir='ltr'>mihique</span> <span class='ocrx_word' id='word_1_179' title='bbox 813 4127 892 4191; x_wconf 89' lang='lat' dir='ltr'>viam</span> <span class='ocrx_word' id='word_1_180' title='bbox 915 4131 1126 4203; x_wconf 86' lang='lat' dir='ltr'>monstrasset,</span> <span class='ocrx_word' id='word_1_181' title='bbox 1149 4126 1234 4190; x_wconf 80' lang='lat' dir='ltr'>Stro-</span> 
     </span>
     <span class='ocr_line' id='line_1_28' title="bbox 223 4244 1234 4334; baseline 0.003 -25"><span class='ocrx_word' id='word_1_182' title='bbox 223 4244 311 4331; x_wconf 91' lang='lat' dir='ltr'>phius</span> <span class='ocrx_word' id='word_1_183' title='bbox 335 4244 516 4323; x_wconf 88' lang='lat' dir='ltr'>Phocensis,</span> <span class='ocrx_word' id='word_1_184' title='bbox 539 4268 608 4310; x_wconf 89' lang='lat' dir='ltr'>nam</span> <span class='ocrx_word' id='word_1_185' title='bbox 631 4267 741 4311; x_wconf 88' lang='lat' dir='ltr'>nomen</span> <span class='ocrx_word' id='word_1_186' title='bbox 765 4246 829 4331; x_wconf 88' lang='lat' dir='ltr'>ejus</span> <span class='ocrx_word' id='word_1_187' title='bbox 853 4247 985 4334; x_wconf 87' lang='lat' dir='ltr'>comperi</span> <span class='ocrx_word' id='word_1_188' title='bbox 1008 4246 1041 4311; x_wconf 91' lang='lat' dir='ltr'>in</span> <span class='ocrx_word' id='word_1_189' title='bbox 1065 4245 1234 4331; x_wconf 91' lang='lat' dir='ltr'>colloquio:</span> 
     </span>
    </p>
   </div>
   <div class='ocr_carea' id='block_1_8' title="bbox 0 0 1520 4978">
    <p class='ocr_par' dir='ltr' id='par_1_11' title="bbox 0 0 1520 4978">
     <span class='ocr_line' id='line_1_29' title="bbox 0 0 1520 4978; baseline 0 0"><span class='ocrx_word' id='word_1_190' title='bbox 0 0 1520 4978; x_wconf 95' lang='lat' dir='ltr'> </span> 
     </span>
    </p>
   </div>
  </div>
 </body>
</html>
