2972 4974
336 525 400 588 164
735 545 934 590 nuuornmo.

335 733 369 791 ut
399 733 572 812 tegumenta
604 726 731 792 obscura
763 728 949 814 significaret
977 749 1041 792 ease
1062 733 1237 814 tegumenta
1261 733 1339 792 tene·

333 844 470 922 brorum,
499 850 530 910 et
562 845 695 911 Ohorum
726 848 841 933 precari
875 848 1027 924 crederet,
1059 852 1093 912 ut
1121 848 1245 914 Orestes
1267 848 1341 911 laete

333 986 482 1050 vesperem
516 965 684 1052 adspiceret
714 975 835 1052 peracto
867 967 1046 1031 certamine:
1076 966 1138 1050 jam
1170 967 1249 1030 enim
1283 988 1339 1030 nox

333 1083 606 1192 apprppinqoabat:
638 1085 705 1150 vr'de
740 1087 812 1150 660.
859 1085 971 1150 Verum
1007 1085 1140 1168 δοοφεροοδ
1175 1086 1340 1166 κοολύππροοο

333 1203 474 1268 videntur
515 1227 579 1269 esse
613 1205 677 1290 ipsu
712 1205 819 1268 domus
850 1205 1105 1291 Agamemnonis,
1140 1227 1222 1269 nunc
1256 1205 1340 1269 luctu
1472 1221 1473 1226 ’

332 1323 458 1388 obruta:
482 1323 552 1387 vide
576 1327 617 1387 52
641 1321 736 1407 δνόφοι
759 1323 941 1388 καλύπτουσι
965 1323 1066 1402 δόμους
1091 1324 1235 1389 δεσποτῶν
1254 1324 1340 1389 lant·

331 1465 412 1506 ποοοο.
461 1441 529 1506 Ηοο
552 1443 648 1529 igitur
672 1447 829 1528 precatur:
853 1442 890 1506 da
914 1442 1035 1507 domum
1062 1443 1185 1510 Orestes
1209 1442 1340 1508 revideat

333 1561 584 1647 Agamemnonis,
625 1560 719 1626 libere
750 1565 780 1626 et
809 1560 968 1648 splendore
1002 1563 1132 1648 pristino
1159 1563 1259 1649 regio,
1281 1584 1340 1647 quo
1472 1581 1473 1596 *

330 1700 412 1743 nunc
447 1680 592 1744 destituta
626 1686 671 1744 est
707 1681 762 1765 (vs.
787 1682 860 1766 54):
895 1680 1043 1767 adspiciat
1076 1679 1145 1744 illas
1173 1703 1256 1745 caras
1285 1681 1341 1745 sibi

331 1798 434 1874 aedes,
468 1821 485 1862 a
518 1799 627 1882 quibus
661 1799 777 1864 tamdiu
813 1799 926 1878 abfuit,
956 1823 1032 1885 quae
1062 1801 1179 1864 tamdiu
1211 1799 1341 1866 tenebris

330 1916 487 1982 luctuosae
517 1919 606 1983 fuere.
652 1919 819 1998 Κοολύππροο
852 1918 920 1984 aliis
959 1919 1053 1995 locis,
1084 1926 1234 2005 quantum
1265 1921 1340 1998 scio,

331 2058 392 2100 non
420 2035 548 2120 quodvis
572 2042 781 2124 tegumentum
806 2039 976 2124 significat,
1000 2038 1052 2103 sed
1077 2039 1208 2104 velamen
1235 2040 1340 2126 capitis
1472 2059 1473 2112 l

226 2221 229 2230 ,
331 2153 491 2232 muliebre,
513 2158 548 2219 ut
571 2154 648 2219 Plat.
672 2155 739 2220 Alo.
762 2157 779 2220 Ι
808 2160 871 2221 123
895 2157 938 2222 Β;
964 2164 1167 2222 verumtamen
1191 2181 1255 2222 esse
1274 2157 1340 2222 uni·
1472 2205 1473 2208 ,

330 2296 430 2339 versae
441 2275 675 2361 significationis
687 2279 801 2362 potest,
817 2277 1068 2362 quemadmodum
1081 2276 1247 2357 κοὶλομμοο,
1260 2275 1339 2362 quod

331 2392 367 2458 de
397 2393 543 2476 ejusmodi
571 2399 669 2458 tamen
694 2394 842 2460 velamine
866 2397 955 2460 ctiam
979 2397 1339 2484 diciturAgam.1178.

375 2515 447 2577 813.
493 2520 563 2586 ποεῖς
594 2514 608 2577 ὃ
638 2513 750 2587 Malae,
796 2514 865 2579 Jam
896 2517 1014 2602 saepius
1044 2516 1077 2579 iu
1107 2515 1162 2579 hac
1185 2514 1338 2601 tragoedia

331 2631 518 2696 Mercurium
541 2633 716 2697 invocatum
741 2635 891 2700 vidimus:
923 2634 959 2699 cf.
984 2635 1139 2700 annotatio
1163 2635 1201 2700 ad
1225 2639 1287 2700 622
1311 2641 1340 2698 et
1472 2639 1473 2644 ’

330 2750 368 2814 ad
394 2753 464 2815 727.
486 2749 614 2815 Eumen.
640 2755 680 2815 90
704 2754 768 2840 ipse
793 2753 905 2840 Apollo
929 2755 955 2818 ei
980 2754 1117 2819 Orestem
1142 2754 1338 2820 commendat.

375 2871 448 2932 813.
494 2869 716 2951 ε’ποφορώποοτος.
762 2872 858 2936 Recte
891 2871 1052 2960 scholiasta
1088 2871 1289 2959 metaphoram
1324 2894 1339 2934 a

331 2991 420 3051 vento
444 2987 610 3052 desomtam
634 2989 727 3066 dicit,
749 2993 780 3053 et
805 2989 998 3056 Hermaunus
1027 2992 1142 3056 confert
1166 2990 1262 3056 Thur.
1286 2990 1339 3054 ΙΠ

331 3107 373 3170 74
395 3103 500 3185 ἄνεμος
523 3116 559 3189 τῇ
583 3108 676 3189 Φλογὶ
701 3107 843 3191 ἐπίφορος.

375 3227 447 3288 815.
493 3224 593 3289 πολλοὶ
615 3249 641 3289 κ.
660 3251 686 3290 π.
703 3239 731 3290 λ.
778 3225 863 3290 Haec
888 3248 992 3291 rursus
1017 3226 1053 3290 ad
1076 3225 1252 3312 Apollinem
1275 3247 1338 3311 per-

328 3343 436 3407 tinent.
481 3341 657 3430 Respicitur
680 3344 716 3408 ad
739 3343 893 3408 oraculum
918 3345 982 3430 ejus
1010 3345 1065 3408 Dei
1090 3343 1127 3406 da
1148 3365 1243 3430 poena
1267 3342 1338 3427 Olyv

327 3467 523 3526 taemuestrae
542 3466 572 3526 et
591 3459 740 3548 Aegisthi.
774 3461 848 3526 Erat
866 3461 944 3527 illud
965 3463 1089 3527 Orestae
1113 3461 1234 3538 datum3
1258 3459 1338 3546 quod

326 3579 380 3644 illc
404 3578 440 3643 ab
459 3579 603 3666 Apolline
620 3579 725 3663 jussus
751 3585 814 3645 crat
834 3581 944 3660 facere,
967 3587 1030 3646 erat
1052 3581 1205 3646 occultum
1228 3581 1338 3667 Aegis-

327 3697 381 3762 tho
405 3705 435 3763 et
458 3699 733 3785 Clytaemnestrae:
767 3699 878 3765 tribuit
899 3700 1020 3786 quidem
1045 3699 1164 3766 Ohorus
1187 3702 1336 3765 somnium

326 3815 464 3904 Apollini
497 3821 555 3896 32,
585 3841 645 3904 quo
676 3819 782 3883 territa
804 3819 900 3884 fuerat
925 3819 1180 3904 Clytaemnestra:
1215 3840 1271 3882 nec
1293 3823 1336 3882 ta-

325 3959 392 4000 men
423 3937 453 4000 id
487 3938 559 4001 satis
588 3937 642 4000 illa
672 3937 880 4017 intellexerat3
915 3941 1020 4002 conata
1052 3939 1130 4003 enim
1155 3943 1200 4002 est
1223 3938 1336 4002 inferos

324 4054 457 4140 placare,
482 4077 543 4119 non
566 4056 757 4143 intelligere,
788 4058 943 4144 profusum
974 4058 1151 4144 sanguinem
1173 4079 1234 4120 uon
1257 4055 1336 4120 redi-

322 4173 378 4253 mi,
404 4178 462 4252 48,
489 4176 611 4260 jamque
640 4175 737 4240 fatum
768 4177 885 4240 instans
916 4163 941 4238 a'
960 4197 991 4238 se
1015 4176 1121 4240 evitari
1144 4197 1205 4238 non
1229 4196 1335 4261 posse:

321 4315 404 4358 nunc
435 4299 516 4359 certe
546 4296 635 4358 etiam
668 4295 767 4360 minus
799 4295 877 4360 illud
908 4294 1129 4382 praesagiebat,
1160 4295 1275 4358 nuncio
1299 4292 1334 4357 de
