2972 4974
584 441 785 488 annornmo.
1122 430 1185 492 loa

193 627 281 694 caedes
302 627 541 715 Agamemnonis
564 647 635 690 cum
657 626 784 711 Orestae
807 626 985 713 expulsione
1005 626 1188 714 conjuncta,

191 749 274 812 etsie
295 747 415 812 demum
438 745 500 811 frui
526 744 585 810 sibi
608 744 790 812 videbantur
812 745 941 812 malefici
963 745 1018 812 illa
1034 749 1121 832 quasi
1141 747 1188 812 di-

192 868 250 932 riua
274 866 438 932 felicitate:
470 865 496 930 ri
519 863 688 929 vindictam
712 865 856 952 respicias
875 864 1104 951 justitiamque,
1127 867 1187 933 fuit

191 991 215 1052 et
238 1007 329 1074 poena
358 983 513 1049 sceleratis
536 982 720 1070 infligenda,
744 988 775 1048 et
798 982 906 1049 domus
929 985 1133 1064 restituenda,
1156 990 1187 1050 et

191 1104 222 1169 ad
242 1104 377 1170 orestem
401 1104 526 1168 divitiae
546 1101 732 1180 referendae,
750 1125 827 1188 quae
845 1104 965 1169 fuerant
981 1111 1100 1194 ereptae
1117 1126 1186 1170 oum

191 1223 295 1290 scelere.
339 1224 393 1288 Sic
416 1244 488 1309 ergo
511 1221 564 1286 ille
587 1223 735 1288 continno
756 1217 881 1302 Iovem,
901 1243 940 1288 ne
961 1224 1005 1311 pii
1025 1225 1120 1310 patris
1139 1246 1189 1289 so-

191 1339 274 1408 bolem
296 1341 438 1408 afflictam
458 1341 585 1410 interire
603 1341 701 1419 sinat,
718 1345 873 1428 precatus,
890 1341 1032 1430 deinceps
1049 1343 1188 1430 exposito
1237 1377 1241 1382 ·

190 1461 228 1526 rei
254 1460 451 1548 perficiendae
482 1458 612 1524 consilio
642 1463 673 1523 et
699 1480 751 1546 spe
772 1459 805 1523 in
828 1459 900 1526 Diis
924 1461 1070 1547 reposita,
1093 1459 1189 1527 ultio-

190 1600 247 1646 nem
278 1581 373 1668 patris
403 1601 474 1644 cum
508 1600 630 1644 suornm
668 1579 894 1664 recuperatione
927 1577 1075 1646 bonorum
1106 1585 1188 1644 recte

190 1698 345 1788 conjungit.

227 1819 325 1902 Atque
349 1817 415 1903 ipsa
443 1815 480 1879 de
503 1814 653 1881 bonorum
677 1815 865 1901 possessione
888 1817 1038 1880 sententia
1059 1801 1188 1902 simplex

191 1939 230 1998 est
256 1956 310 2001 uec
341 1933 482 2000 abhorret
513 1955 531 1998 a
559 1935 660 2022 poesis
691 1933 843 2022 dignitate
873 1955 930 1998 nec
957 1933 993 1999 ab
1015 1934 1188 2021 argumenti

191 2053 351 2140 tragoediae
381 2053 540 2140 gravitate.
587 2051 739 2118 Homerus
769 2075 858 2140 quam
881 2053 1005 2118 excellit
1027 2052 1188 2141 splendore

192 2169 357 2238 divitiarum
387 2169 562 2237 laudando?
610 2170 695 2243 Quid
722 2171 847 2236 Alcinoi
869 2173 953 2258 regia
974 2171 1024 2238 vel
1047 2173 1187 2260 magnifi-

191 2291 298 2356 centius
321 2289 367 2356 vel
391 2289 535 2354 suavius?
582 2287 669 2360 Quae
688 2289 797 2354 eximia
816 2295 862 2354 est
882 2289 925 2354 ibi
946 2313 1014 2354 oum
1030 2291 1187 2380 opulentia

191 2406 302 2474 honoris
322 2410 401 2496 regii
425 2429 553 2492 vereque
575 2407 729 2496 popularis
754 2407 929 2496 copulatio?
965 2407 1052 2479 Quae
1071 2409 1121 2498 pia
1141 2431 1188 2474 sa·

191 2547 316 2606 omrem,
338 2549 415 2614 qnae
439 2527 508 2591 Diis
532 2526 615 2614 large
635 2526 758 2606 fierent,
777 2531 808 2592 et
826 2525 1045 2615 hospitalitatis
1064 2529 1190 2619 opisque

191 2648 293 2712 extorri
324 2646 463 2712 ferendae
495 2645 697 2732 conjunctio?
733 2645 844 2732 Odyss.
875 2646 910 2711 L.
943 2646 1010 2712 VII
1040 2649 1066 2712 d
1096 2647 1191 2712 VIII.

191 2763 229 2828 ut
246 2766 321 2852 apud
345 2766 528 2831 Pindarum:

446 2885 459 2950 d
481 2883 544 2962 ndu
566 2886 691 2955 πλοῦτος
713 2883 847 2963 ἀρεταῖς,

445 3000 665 3079 δεδοιδοιλμένος

446 3119 526 3204 φέρει
553 3123 609 3186 τῶν
630 3143 665 3184 τε
687 3115 736 3182 nul
759 3125 815 3184 τῶν

449 3237 559 3319 καιρὸν,

446 3356 539 3439 tren
561 3353 715 3436 οὶρίζολος,
740 3353 882 3432 ἐτήτυμον

447 3475 524 3560 ἀνδρὶ
547 3473 675 3560 Olyros·

196 3593 345 3662 nProl'ceto
366 3596 492 3662 divitiae
511 3598 634 3662 ornatae
649 3591 790 3658 laudibus
802 3591 904 3656 ferunt
916 3587 1081 3654 multarum
1093 3611 1193 3654 rerum

77 3706 81 3715 '
195 3716 318 3802 copiam,
349 3719 482 3800 suntque
506 3712 592 3778 sidus
615 3710 825 3799 splendidum,
847 3729 951 3775 vorum
975 3709 1041 3773 viro
1064 3705 1194 3774 lumen.”

195 3829 304 3922 Olymp.
326 3833 363 3898 Π
386 3838 437 3898 96.
484 3831 578 3898 Haud
595 3830 752 3897 dissimilis
771 3829 897 3895 Orestae
912 3827 993 3914 apud
1005 3824 1191 3930 Aeschylum

76 3968 81 4042 ,ζ
195 3954 262 4018 ratio
279 3959 334 4020 est.
369 3952 528 4019 Possidere
546 3973 614 4016 eum
634 3973 688 4016 ana
704 3947 783 4014 bona
802 3945 960 4038 oportebat
980 3947 1063 4034 regio
1083 3945 1196 4022 titulo,

196 4073 273 4158 cnjus
305 4073 397 4138 decus
427 4072 593 4160 pristinum
620 4069 725 4159 populi
749 4073 863 4136 mentes
887 4070 1043 4154 penetrare
1065 4063 1195 4144 solebat,

198 4195 247 4258 54:
276 4194 341 4282 pios
371 4195 436 4282 ipse
465 4214 539 4258 usus
570 4194 713 4256 memorat
742 4189 776 4256 in
808 4188 963 4276 precibus,
992 4207 1086 4272 quum
1111 4189 1196 4272 pater
