2972 4974
341 489 404 550 154
749 501 949 548 annonarro.

385 689 457 754 ⁷05.
501 683 609 766 Φίλοις.
656 684 803 772 cognatis
828 685 961 753 Orestae.
995 687 1042 752 cf.
1066 692 1132 754 234

384 809 456 872 706.
502 803 606 876 Quum
633 805 819 892 promiserim
843 804 988 892 Strophio
1012 811 1042 872 et
1064 807 1179 872 abillo
1203 807 1346 872 oonoilia-

337 928 388 990 tus
411 925 468 988 sim
491 922 624 1011 hospitio
648 927 755 988 vestro.
801 923 839 988 ld
870 925 950 990 enim
982 925 1103 990 videtur
1132 949 1196 992 esso
1218 925 1348 1002 καταξε-

336 1049 414 1118 νοῦν,
436 1043 532 1108 faeere
554 1042 682 1128 aliquem
706 1042 855 1129 hospitem
880 1042 980 1108 elicui.

384 1165 456 1228 707.
501 1160 599 1238 ἀξίας.
646 1163 699 1227 Sic
718 1161 798 1227 libri.
833 1163 929 1227 Reote
948 1160 1026 1226 hano
1045 1163 1224 1249 scripturam
1245 1165 1349 1227 tuetur

338 1279 538 1358 Klausenius‚
561 1301 737 1367 comparans
761 1283 825 1345 213
844 1279 1007 1360 τυγχάνειν
1029 1286 1136 1353 καλῶς.
1184 1280 1280 1346 Multi
1304 1302 1350 1344 re·
1472 1319 1473 1352 ι

338 1403 482 1484 oeperunt
504 1399 709 1484 conjecturam
729 1399 845 1464 Pauwii
868 1396 971 1476 οίξίοιν,
994 1399 1119 1463 minime
1140 1398 1262 1483 quidem
1288 1420 1349 1463 ma-

337 1518 414 1595 lam,
432 1539 525 1602 eaque
544 1516 655 1582 firmari
668 1539 756 1603 posse
769 1515 888 1582 videtur
900 1515 1017 1581 scholio
1029 1521 1084 1581 τῶν
1096 1540 1138 1580 σοι
1149 1514 1236 1592 ιίξίοιν
1247 1521 1349 1594 τιμῶν.

383 1638 456 1702 707.
499 1637 580 1700 Satis
599 1635 661 1698 oito
681 1657 699 1697 a
717 1657 827 1721 magna
847 1635 975 1700 tristitie
995 1635 1038 1698 ita
1057 1635 1178 1720 quidem
1194 1635 1350 1720 Clytaem-

336 1757 437 1819 nestra
460 1753 498 1818 ad
521 1753 678 1818 sanitatem
701 1753 796 1828 redit,
821 1759 856 1818 ut
872 1753 986 1818 nuncio
1000 1775 1061 1816 non
1078 1754 1209 1840 imputet
1224 1752 1349 1818 cladem.

382 1875 454 1938 711.
499 1874 617 1953 μακροῖς
655 1871 798 1938 κελεύθου.
852 1870 1023 1958 Conjungit
1057 1869 1243 1938 Abresehius
1279 1895 1349 1936 cum
1473 1876 1474 1952 j

336 1990 504 2074 πρόσφορα,
537 1989 648 2054 oolleto
676 1990 781 2076 Enrip.
806 1989 876 2056 Hel.
901 1995 964 2056 509
988 1991 1030 2056 rot
1052 1990 1203 2073 πρόσφορα
1225 1999 1278 2066 τῆς
1302 1996 1350 2056 νῦν

336 2110 481 2189 παρούσης
516 2111 687 2192 συμφορᾶς,
721 2107 813 2194 idque
847 2110 1010 2194 sequimur.
1056 2109 1121 2174 Alii
1156 2110 1351 2196 conjungunt

337 2250 406 2292 oum
429 2227 656 2308 impetraretur.

382 2350 454 2412 713.
499 2344 679 2418 ὀπισθόπους.
705 2345 800 2410 Hune
812 2343 957 2432 pluralem
974 2346 1179 2410 aecusativum
1192 2368 1256 2412 esse
1270 2369 1349 2410 non·

336 2465 414 2531 nulli
437 2470 567 2552 negant,
590 2487 658 2530 eum
683 2487 746 2530 esse
766 2465 946 2530 affirmantes
968 2463 1177 2536 θπισθθποδαςε
1200 2487 1264 2530 esse
1284 2464 1313 2530 h.
1330 2466 1350 2530 l.
1474 2497 1475 2554 3

336 2583 558 2650 nominativum
588 2583 782 2671 singularem.
827 2581 943 2648 Verum
966 2586 1012 2647 est
1034 2584 1224 2650 accusativus
1247 2583 1350 2670 plura·

335 2702 391 2767 lis:
414 2702 541 2767 similem
565 2701 739 2766 Athenaeus
760 2701 786 2764 L
807 2701 875 2764 VII
893 2703 955 2766 100
980 2703 1068 2766 affert
1086 2725 1125 2766 ex
1143 2700 1349 2789 Aristophane

491 2820 541 2884 καί
563 2823 651 2885 ταῦτ’
673 2823 784 2900 ἔχοντα
805 2819 971 2891 πουλύπους
994 2820 1043 2888 καί
1068 2819 1186 2894 σηπίας.

336 2937 426 3004 Alius
456 2940 587 3004 mutavit
615 2938 783 3004 θπισθίπονν
813 2938 843 3002 δὲ
869 2938 951 3004 τοῦδε
974 2937 1024 3002 καί
1047 2936 1234 3018 ξυνέμπορον,
1256 2937 1348 3022 Pyla·

339 3058 407 3124 dem
436 3059 607 3150 significari
639 3059 825 3124 existimans.
871 3058 912 3122 Et
935 3079 991 3122 nos
1014 3057 1156 3142 Pyladem
1181 3057 1349 3142 significari

337 3178 506 3242 eredimus:
537 3199 641 3243 verum
666 3179 828 3244 comitatus
850 3178 973 3242 nomine
995 3177 1120 3264 pluralis
1143 3177 1261 3264 positus
1285 3181 1350 3253 est,

335 3318 429 3380 quum
461 3317 540 3360 unua
572 3297 771 3383 significetur.
817 3297 915 3382 Cujus
945 3297 1065 3383 generis
1095 3295 1192 3361 multa
1214 3295 1351 3381 exemplo

336 3419 427 3480 suut:
459 3418 522 3481 287
547 3415 777 3496 προστροπαίων,
809 3419 872 3480 689
903 3421 963 3487 τοῖς
985 3414 1098 3494 κυρίοισι
1121 3412 1172 3478 καί
1194 3414 1351 3494 προσήκον-

336 3559 395 3610 σιν,
420 3539 482 3600 716
507 3541 566 3606 τοῖς
588 3539 734 3615 κροτοῦσι.

382 3656 454 3717 714.
499 3652 636 3730 δώμασιν.
685 3653 778 3717 Haud
801 3653 903 3739 inepte
925 3651 1035 3737 uliquis
1059 3652 1190 3736 oonjeoit
1206 3652 1348 3729 σώμασιν.

337 3771 450 3836 Tamen
469 3770 613 3836 librorum
635 3771 815 3858 scripturam
835 3773 965 3837 retineo:
990 3772 1028 3836 of.
1048 3776 1111 3836 669
1132 3770 1239 3848 δύμοισι
1257 3767 1351 3835 τοῖσδ’

336 3890 481 3956 ε’πεικύτα.

383 4014 455 4075 715.
501 4010 651 4090 ὑπευθύνῳ.
697 4011 736 4074 In
770 4009 802 4073 M
839 4009 1004 4086 ἐπευθύνοιι,
1040 4011 1072 4074 in
1103 4011 1133 4074 G
1162 4007 1209 4073 ἐπ’
1235 4009 1347 4090 εύθύνςο.

336 4129 518 4194 Emendavit
542 4127 720 4205 Turnebus,
749 4134 780 4194 et
802 4130 835 4198 iu
858 4128 984 4196 scholiis
1008 4133 1054 4196 est
1075 4131 1111 4202 ὡς
1135 4128 1247 4195 δώσοντι
1269 4129 1348 4206 δίκην

337 4255 367 4319 et
390 4248 519 4340 ὑποδίκρ.
