2972 4974
354 481 415 544 160
776 497 977 545 snnorsrro.

352 681 459 745 ficetur
491 679 544 745 ille
574 679 611 744 de
641 683 738 745 morte
760 682 885 748 Orestae
908 681 1041 748 nuuoius
1076 679 1230 746 oooultum
1254 679 1365 746 habere

352 803 493 864 eventum
517 798 679 863 meliorem.

398 921 470 983 775.
517 915 630 982 Verum
655 938 756 981 nonne
778 917 950 982 laetandum
976 917 1085 995 fuerit,
1113 918 1139 982 si
1162 917 1285 1004 Jupiter
1307 915 1365 981 ali·

351 1034 471 1120 queurlo
495 1034 618 1100 meliora
642 1034 778 1100 dederit?

398 1157 471 1220 777.
517 1153 590 1217 Non
614 1175 721 1240 magna
745 1153 902 1220 divinandi
927 1155 991 1218 arte
1011 1174 1087 1240 opus
1110 1157 1156 1218 est
1179 1151 1213 1216 ad
1239 1152 1271 1216 id
1294 1153 1366 1237 qui-

353 1272 418 1336 dem
441 1270 681 1358 intelligendum.

397 1395 470 1456 779.
515 1387 659 1467 ἄγγελλ’.
704 1389 757 1454 Sic
784 1391 821 1454 R.
867 1389 903 1454 Iu
930 1389 964 1454 M
988 1389 1109 1467 ἀγγέλ’,
1133 1389 1166 1452 in
1190 1389 1219 1453 G
1241 1387 1367 1466 ἄγγελῖ

396 1511 469 1573 780.
514 1507 600 1587 μέλει
623 1547 665 1556 -
692 1507 777 1590 μέλῃ.
824 1508 862 1572 ln
887 1507 974 1572 librir
997 1507 1102 1586 μέλλεν
1125 1544 1165 1554 -
1190 1506 1295 1585 μέλλη.

396 1629 468 1690 783.
515 1626 666 1691 Carminis
690 1624 782 1710 hujus
805 1625 876 1690 olim
900 1624 974 1691 haee
998 1627 1107 1692 divisio
1130 1631 1209 1704 erat,
1233 1630 1267 1690 ut
1283 1631 1368 1691 stro-

347 1742 406 1830 pha
437 1745 674 1808 constitueretur
705 1743 742 1808 ud
767 1749 848 1821 799,
879 1743 1068 1832 antistropha
1094 1768 1112 1809 a
1139 1749 1203 1810 ⁷94
1226 1743 1263 1808 ad
1290 1747 1367 1808 804.

349 1861 518 1927 Novissimi
542 1862 672 1927 editores
695 1862 923 1928 constituerunt
946 1862 1004 1928 hoo
1027 1863 1134 1928 modo:

396 1983 569 2046 788--788
594 1979 718 2067 stropha
740 1982 779 2045 α’.

395 2103 570 2167 789-793
594 2105 646 2166 str.
670 2100 713 2179 β’.

395 2222 569 2284 res-799
594 2217 782 2306 antistropha
805 2219 844 2284 α’.

395 2339 570 2402 800-805
596 2343 648 2402 str.
672 2339 713 2415 γ’.

396 2458 504 2520 806-
527 2456 701 2534 nentrum
725 2459 787 2520 811
815 2455 960 2522 mesodos.

396 2577 570 2640 811-818
595 2580 657 2640 ent.
680 2574 720 2653 γ’.

396 2695 570 2756 819-896
595 2701 648 2758 str.
671 2693 703 2757 δ’.
829 2729 832 2736 ·

397 2814 571 2878 sar-830
595 2815 655 2876 ant.
677 2811 719 2889 β’.

397 2931 569 2995 831-897
597 2933 659 2994 ant.
682 2927 715 2994 7.

352 3046 419 3112 Nos
441 3068 474 3110 ea
496 3045 528 3110 in
552 3047 652 3112 medio
675 3045 884 3129 relinquimus.

397 3168 469 3230 788.
515 3165 729 3248 παραιτουμένῃ
750 3189 807 3243 μοι.
856 3163 1015 3229 Medieeus
1044 3162 1251 3247 repurrooree'r'
1279 3165 1367 3243 ἐμοὶ,

350 3285 416 3372 ipso
440 3288 566 3349 uouentu
596 3285 709 3350 ducens
739 3283 776 3347 ad
808 3288 990 3370 praesentem
1014 3283 1192 3364 lectionem,
1213 3307 1290 3370 quae
1314 3285 1369 3350 de-
1480 3315 1481 3327 ν

350 3403 440 3468 betur
463 3402 613 3468 Turnebo.
660 3403 853 3470 Hermannus
877 3403 1101 3487 repensorem.
1138 3404 1164 3468 G
1190 3409 1220 3468 et
1242 3403 1271 3468 It
1296 3410 1368 3469 tau-

351 3525 418 3587 tum
441 3527 569 3587 eooentu
592 3522 736 3588 differunt
759 3545 776 3586 a
802 3521 844 3587 M.

397 3645 414 3708 7
419 3645 469 3706 85.
515 3665 573 3720 μοι.
608 3643 661 3706 Sic
681 3641 859 3706 Turnebus:
877 3639 947 3706 libri
960 3665 1023 3720 μου.
1058 3640 1228 3708 Scholiasta
1251 3663 1367 3729 agnos-
1479 3699 1480 3708 ,

352 3760 396 3824 eit
420 3760 566 3825 dativum.

398 3880 470 3943 786.
516 3879 557 3944 τὰ
580 3879 721 3963 σώφροσιν
744 3875 775 3944 εὖ
797 3879 971 3957 μαιομένοις.
1004 3877 1056 3942 sic
1079 3877 1248 3942 Turnebus.
1270 3878 1311 3942 Iu
1329 3879 1368 3943 M

351 3996 392 4061 τὰ
415 3997 777 4079 caeterorummetum:
809 3997 886 4062 idem
911 3996 1022 4061 habent
1045 3996 1074 4060 G
1097 4002 1128 4060 et
1151 3997 1195 4074 R,
1219 3997 1269 4062 sed
1293 3997 1368 4064 eliis
1478 4043 1479 4092 l

351 4114 525 4180 accentibus
549 4120 578 4180 et
602 4114 659 4179 ulia
682 4114 880 4180 distinetione
903 4113 1068 4179 verborum.
1117 4115 1273 4180 Sententia
1297 4115 1367 4182 bre-

351 4232 420 4298 vius
451 4233 533 4298 dicte
563 4235 607 4298 rio
637 4233 784 4321 explenda
815 4238 880 4299 est:
915 4233 960 4306 δὸς
989 4239 1093 4314 τυχεῖν
1124 4232 1154 4298 δέ
1182 4257 1231 4308 μοι
1264 4235 1367 4316 κυρίως
