2956 4974
744 502 951 562 ΑΙΣΧΥΛΟΥ

526 697 598 770 Ζεὺς
620 698 669 764 ἐπὶ
690 705 780 781 χεῖρα
801 698 908 778 βάλοι,

517 839 594 918 φεῦ,
619 839 694 916 Φεῦ,
715 832 830 914 κάρανα
852 833 967 914 Mem

521 967 614 1032 πιστά
636 967 745 1046 γένοιτο
767 967 867 1052 χάρα;

518 1102 598 1168 διίιαν
622 1102 646 1166 δ’
668 1099 701 1178 ἐξ
722 1101 827 1167 άδθιιων
848 1103 973 1168 άπαιτῶ.

516 1242 607 1302 κλῦτε
629 1235 659 1300 δὲ
680 1235 722 1300 τά
742 1235 861 1317 χθονθων
882 1235 1039 1312 τετιμὲναι.

395 1425 401 1439 .
514 1370 599 1438 άλλά
621 1367 704 1446 νθμις
727 1369 797 1446 μὲν,
821 1369 924 1453 φονίοις
946 1369 1098 1448 σταχθνας

511 1500 648 1582 χυμένας
671 1501 699 1572 ἐς
722 1501 805 1566 πέδον
828 1497 904 1568 άλλο
928 1509 1092 1583 προσαιτεῖν

514 1629 601 1713 αἷμα.
634 1633 693 1718 βοᾷ
716 1634 775 1712 γάρ
797 1633 895 1713 λοιχδν
917 1635 1041 1715 Ἐριννὺς

512 1766 596 1848 παρά
617 1771 673 1832 τῶν
695 1765 827 1847 πρότερον
848 1767 1011 1851 Φθιμένων,
1034 1765 1110 1845 άτνν

556 1899 655 1981 ἑτέραν
677 1898 848 1978 ἐπάγουσαν
871 1897 917 1965 ἐπ’
939 1897 1007 1983 άπρ.

387 2085 393 2098 .
512 2039 577 2110 ποῖ,
601 2039 654 2097 ποῖ
672 2031 707 2107 δὶς
729 2031 859 2113 νερτέρων
881 2032 1055 2114 τνραννθδες;

507 2164 585 2232 θδετε
608 2172 801 2246 πολυκρατεῖς
824 2165 892 2247 άραὶ
915 2166 1077 2248 Φθιμένων,

507 2298 595 2364 ἴδεσθ’
617 2298 767 2380 Ἀτρειδάν
789 2300 831 2366 τά
853 2299 932 2365 λοίπ’
953 2299 1119 2383 άμνχάνως

554 2430 665 2514 ἔχοντα
687 2433 737 2499 καὶ
761 2432 902 2512 δωμάτων

508 2564 613 2645 άτιμα.
651 2569 697 2631 πά
718 2565 764 2638 τίς
786 2564 918 2648 τράποιτ’
941 2564 993 2645 άν,
1017 2563 1038 2632 ά
1061 2574 1136 2644 Ζεῦς

387 2752 393 2766 .
508 2700 663 2766 πέπαλται
685 2698 711 2763 δ’
736 2695 809 2765 αὖτέ
830 2723 879 2779 μοι
901 2699 989 2784 Φθλον
1010 2700 1096 2781 αθαρ,

505 2832 584 2898 τόνδε
606 2831 750 2898 κλύουσαν
772 2827 872 2898 οἶκτον.

506 2965 554 3030 καὶ
578 2963 646 3029 τθτε
668 2963 722 3042 μὲν
744 2963 898 3040 δύσελπις,

502 3095 673 3178 σπλάγχνα
698 3095 728 3161 δέ
750 3119 807 3175 μον
830 3061 1014 3163 κελαινοῢται

505 3228 575 3311 πρὸς
597 3227 664 3301 ἔπος
683 3227 828 3312 κλοοάσρι·

503 3359 574 3427 ὅταν
597 3362 621 3426 δ’
644 3357 710 3428 αὖτ’
734 3362 876 3436 ἔπαλκὲς,

503 3493 597 3574 θρασθ
619 3493 790 3560 άπέστασεν
812 3491 907 3576 άχος,

501 3626 570 3709 πρὸς
593 3627 627 3693 τὸ
651 3627 808 3712 φανεῖσθαί
829 3651 877 3706 μοι
900 3631 1007 3701 καλῶς.
1117 3689 1120 3696 .

325 3769 385 3825 ΟΡ.
431 3759 462 3824 πθ
483 3759 507 3822 δ’
531 3760 600 3826 αἰνά
621 3759 735 3845 φάντες
758 3759 900 3842 τύχοιμεν
923 3759 974 3840 άν;
998 3760 1015 3835 ἢ
1038 3758 1079 3826 τά
1101 3783 1155 3840 περ

433 3890 562 3970 πάθομεν
585 3890 671 3975 άχεα
692 3892 761 3975 πρός
785 3917 823 3971 γε
846 3898 902 3959 τῶν
925 3892 1098 3971 τεκομένωνς

435 4024 557 4106 πάρεστι
580 4024 703 4102 σαίνειν,
727 4025 769 4092 τά
791 4026 817 4090 δ’
841 4024 902 4093 οὔτι
925 4026 1072 4104 θέλγεται.

498 4157 584 4230 λθκος
607 4158 666 4240 γάρ
689 4155 757 4224 ὥστ’
779 4157 933 4242 άμθφρων,

498 4287 625 4364 άσαντος
648 4293 681 4355 εἰι
703 4291 814 4371 ματρός
837 4293 899 4358 ἐστι
919 4291 1016 4371 θυμός.
