2956 4974
454 483 720 530 mrrnrnurarro
744 483 877 528 cantra.
1127 466 1168 526 65

575 785 758 851 Cnosos

210 1025 304 1090 Nunc
329 1025 465 1112 precanti
488 1021 580 1102 mihi,
602 1022 726 1108 Jupiter
747 1026 832 1108 peter
856 1022 987 1086 Deorum
1013 1023 1171 1110 Olympio·

172 1164 244 1222 rum,
276 1143 314 1207 da
349 1147 477 1219 sortem,
509 1146 604 1225 utque
636 1141 796 1227 contingat
827 1138 901 1204 mihi
932 1162 1033 1227 reapse
1058 1141 1173 1219 videre,

172 1283 238 1344 qnae
268 1262 372 1349 probis
402 1267 543 1344 recteque
575 1259 769 1347 cupientibus
797 1259 898 1324 videre
920 1261 1080 1345 contingat
1104 1283 1173 1324 cunr

169 1380 289 1464 justitia.
337 1381 466 1446 Omnem
497 1381 662 1444 orationem
689 1379 770 1456 dixi,
794 1378 934 1465 Jupiter,
957 1384 992 1442 tu
1017 1401 1086 1444 vero
1110 1403 1172 1445 eam

173 1521 256 1564 seme.
292 1499 357 1562 Vse
387 1521 457 1576 vae,
485 1503 516 1562 et
544 1497 632 1562 illum
663 1497 715 1581 qui
746 1498 827 1560 intra
858 1497 980 1560 domum
1010 1504 1057 1562 est
1084 1502 1249 1584 supru790

172 1615 267 1682 hostes
295 1640 314 1681 o
343 1618 466 1704 Jupiter
496 1638 582 1704 pone.
628 1613 880 1700 Quandoquidem
912 1615 982 1679 illos
1012 1617 1045 1680 in
1077 1615 1172 1680 altum

171 1736 285 1814 tulisti,
327 1735 466 1822 duplices
503 1735 699 1821 triplicesque
730 1755 842 1820 poenas
875 1733 981 1798 lubens
1014 1735 1171 1799 retribues.

172 1855 251 1920 Scias
278 1855 339 1920 cari
363 1856 422 1920 viri
445 1854 562 1942 pullum
586 1854 693 1920 orbum
713 1853 856 1939 junctum
880 1876 943 1918 esse
967 1854 1071 1919 currui
1095 1853 1173 1918 cula-

171 1975 321 2052 mitatum,
347 1979 378 2038 et
403 1973 436 2036 in
464 1995 555 2038 cursu
578 1971 700 2036 modum
723 1972 752 2035 ei
775 1993 876 2058 ponas.
911 1969 1039 2036 Utinam
1065 1971 1173 2058 aliquis

171 2090 225 2158 hoc
246 2092 362 2169 solum,
383 2091 533 2178 graduum
556 2092 611 2176 qui
629 2091 832 2176 perficiuntur
848 2093 1055 2177 propositum,
1071 2090 1174 2156 videat

171 2213 294 2276 retinere
322 2210 456 2276 modum.
501 2209 624 2294 Quique
653 2210 686 2273 in
715 2210 804 2274 domo
827 2210 1003 2296 opulentum
1027 2209 1172 2311 angrrlum
1185 2212 1249 2274 800

173 2325 331 2407 habitatis,
349 2329 468 2404 audite,
487 2326 652 2392 concordes
671 2327 734 2393 Dii.
757 2328 866 2415 Agite,
887 2329 1081 2413 antiquorum
1101 2330 1174 2393 laci·

173 2467 277 2511 norum
296 2447 472 2534 sanguinem
486 2447 625 2511 redimite
638 2446 872 2511 vindictanova
903 2446 1001 2512 Vetus
1018 2449 1123 2512 credes
1135 2471 1173 2514 ne

172 2567 201 2630 iu
218 2566 307 2632 domo
323 2565 453 2652 amplius
471 2567 581 2651 pariet,
593 2564 667 2630 haec
680 2564 784 2630 coedes
797 2567 823 2629 si
835 2566 965 2630 feliciter
976 2571 1094 2653 pernota
1108 2568 1174 2633 crit.

172 2683 198 2748 0
222 2683 276 2770 qui
302 2683 421 2750 habitas
444 2707 586 2770 magnum
606 2685 734 2762 ostium,
753 2684 790 2748 da
808 2685 943 2750 revideat
962 2685 1037 2750 bene
1053 2687 1176 2750 domum

171 2803 243 2880 riri,
267 2807 297 2868 at
318 2802 468 2890 adspiciat
491 2801 584 2867 libere
606 2800 823 2889 splendideque
845 2804 950 2868 amicis
969 2803 1065 2868 oculis
1087 2809 1175 2892 tegn·
1189 2807 1252 2868 810

171 2927 270 2986 menta
290 2922 433 2988 obscure:
457 2921 636 3006 adjuvetque
657 2921 766 2987 lubens
781 2921 865 3007 juste
883 2945 1060 3008 summoque
1071 2923 1173 2988 favore

173 3039 250 3106 lilius
273 3041 373 3127 Majse
395 3045 534 3106 eventum
558 3041 601 3106 rei
625 3063 809 3128 prosperum.
855 3041 957 3107 Multa
983 3041 1042 3106 alia
1065 3043 1174 3106 nunci-

172 3155 233 3223 abit
256 3161 376 3226 occulte
401 3160 586 3226 vaticinans:
614 3181 775 3246 vocemque
798 3183 860 3224 non
884 3162 979 3225 risam
1004 3160 1095 3226 edens
1119 3182 1175 3224 no-

173 3283 248 3344 ctem
277 3277 475 3363 tenebrasque
501 3279 533 3343 in
558 3278 646 3344 vultu
673 3281 769 3365 gerit,
790 3279 926 3346 interdiu
949 3301 1012 3344 non
1034 3279 1176 3344 lucidior.

172 3395 211 3462 Et
221 3403 285 3463 tum
297 3399 444 3463 nimirum
458 3398 579 3462 modum
591 3398 833 3477 incantatorum,
845 3397 948 3463 domni
959 3397 1176 3484 expiatoriunr,
1189 3398 1252 3460 820

172 3515 350 3596 femineum,
380 3515 510 3581 feliciter
543 3516 739 3594 institutum,
772 3517 973 3582 communiter
1006 3515 1175 3603 pulsatum,

173 3634 331 3700 mittemus.
368 3633 470 3717 (Sivez
495 3638 525 3698 et
546 3641 612 3698 tum
630 3632 775 3699 nimirum
795 3635 917 3699 modum
936 3636 1175 3713 incantatorum,

174 3751 208 3816 nd
237 3752 415 3840 expiandam
450 3749 572 3817 domum
605 3753 732 3817 semines
763 3753 975 3838 communique
1004 3753 1176 3839 pulsatione

173 3869 297 3938 feliciter
318 3872 511 3951 institutum,
529 3872 706 3954 mittemus.)
741 3871 869 3938 Civitati
888 3871 962 3936 hoen
978 3871 1053 3937 bene
1072 3875 1174 3936 erunt:

174 4009 285 4068 meam,
314 4011 414 4056 meum
437 3990 554 4054 lnarum
578 3988 636 4054 hoc
659 3991 783 4056 crescit:
806 3990 844 4055 ab
867 3991 971 4056 amicis
994 3989 1106 4054 malum
1128 4009 1176 4053 re·

176 4107 261 4173 aedit
293 4109 344 4174 'I'n
366 4129 437 4174 vero
459 4109 532 4172 forti
555 4108 667 4184 animo,
690 4129 783 4192 quum
803 4108 885 4174 vines
904 4109 1002 4195 operis
1023 4107 1173 4180 venerint,

174 4226 324 4315 inpetris
352 4247 442 4314 opere
472 4225 642 4292 acclamans
673 4227 767 4314 patris
795 4247 899 4292 vocem
930 4226 1036 4305 matri,
1065 4229 1097 4290 te
1119 4224 1175 4290 filii

400 4357 403 4368 '
1042 4347 1057 4401 t
