2956 4974
317 471 359 533 78
724 487 921 532 annonario.

316 667 382 734 lum
410 671 570 754 utriusque
599 667 850 754 significationis,
881 669 912 732 in
943 670 1027 734 tristi
1053 671 1143 734 etiam
1167 691 1201 734 re
1219 672 1332 758 pariter

319 792 409 872 atquc
437 790 471 854 in
502 788 578 854 laeta
608 787 798 874 ponendum,
829 789 954 852 afferens
986 792 1027 853 18
1050 793 1082 853 et
1105 793 1148 852 24
1171 797 1203 854 et
1225 789 1333 878 Enrip.

321 905 391 971 Hel.
417 910 503 971 1204
526 911 557 970 et
580 905 646 970 Alc.
671 908 744 970 530.

365 1028 416 1090 13.
461 1033 560 1104 πῆμα.
607 1025 758 1090 Restituit
784 1024 979 1089 Hermannus
1008 1026 1153 1090 ecodice
1176 1026 1336 1104 Mediceo,

317 1142 575 1227 Guelferbytano,
610 1142 744 1208 editione
777 1142 967 1221 Robortelli,
1003 1165 1057 1229 pro
1091 1151 1219 1222 πτῶμα,
1251 1145 1335 1230 quod

318 1261 479 1326 Turnebus
505 1260 635 1326 dederat.

366 1383 416 1444 15.
461 1379 662 1459 μειλίγμακτοι.
707 1380 757 1443 Ita
780 1377 977 1445 Oasaubonus
1002 1386 1033 1444 et
1056 1380 1231 1466 Stanlejus:
1261 1382 1336 1447 libri

320 1498 524 1577 μειλίγμκσιν.
571 1499 667 1564 Recte
691 1504 895 1585 comparatum
919 1505 965 1564 est
988 1500 1070 1564 Pers.
1095 1503 1169 1564 610.

367 1621 416 1682 18.
460 1618 597 1683 rio-codar
628 1617 722 1699 μόρον.
770 1617 833 1682 Hic
862 1621 962 1682 toturn
995 1619 1175 1696 consilium,
1199 1641 1336 1685 omnem-

320 1757 396 1820 que,
418 1757 478 1820 qna
500 1739 602 1822 Argos
632 1739 662 1800 et
684 1736 722 1800 ad
745 1737 840 1821 patris
871 1736 1023 1801 tumulum
1046 1739 1147 1812 venit,
1171 1739 1336 1825 cogitatio·

321 1877 388 1920 nem
421 1856 544 1920 Orestes
575 1856 690 1941 aperit:
725 1875 835 1939 eaeque
866 1877 982 1941 preces,
1012 1877 1087 1939 quas
1115 1879 1199 1921 nuno
1225 1857 1338 1922 diserte

322 1974 414 2051 dicit,
432 1973 494 2057 jam
519 1973 654 2039 latebant
677 1974 710 2036 in
733 1975 809 2060 ipsis
832 1974 938 2059 primis
963 1975 1070 2039 verbis.
1105 1975 1241 2040 Omnino
1255 1977 1336 2062 apud

322 2092 453 2156 Graecos
477 2093 648 2176 antiquitus
672 2092 822 2159 sententia
844 2091 920 2167 init,
950 2092 1078 2158 ultionis
1103 2115 1246 2180 maguum
1272 2117 1337 2158 esse

321 2211 471 2286 officinm,
505 2210 597 2294 idque
620 2211 769 2296 pertinere
792 2211 828 2274 ad
853 2231 1000 2286 amorem,
1035 2231 1133 2294 neque
1154 2212 1220 2296 ejus
1244 2235 1337 2277 even-

320 2333 388 2393 tum
411 2327 512 2393 abesse
532 2326 569 2392 ab
588 2330 689 2392 anima
708 2327 809 2406 illius,
831 2350 919 2412 quem
943 2329 1011 2412 quis
1035 2328 1211 2393 ulciscatur.
1242 2329 1336 2402 Quod

323 2447 411 2531 quale
430 2447 538 2523 fuerit,
561 2448 698 2533 exemplo
718 2445 850 2511 Achillis
870 2445 948 2532 apud
970 2445 1137 2512 Homerum
1157 2448 1337 2512 Patroclum

324 2565 501 2632 ulciscentis
524 2564 643 2630 abunde
663 2571 763 2650 potest
782 2563 923 2650 intelligi.
956 2565 998 2628 Et
1020 2566 1084 2651 ipsa
1107 2565 1254 2631 vocabula
1274 2588 1337 2630 ser·
1458 2601 1459 2608 κ

323 2685 422 2750 monis
442 2683 550 2748 Graeci
573 2683 635 2748 fere
653 2683 757 2746 eadem
779 2688 810 2746 et
830 2682 994 2749 vindictam
1018 2691 1049 2748 et
1069 2685 1217 2749 auxilium
1237 2685 1337 2772 signi-

323 2804 424 2867 ficant.
470 2801 517 2866 Of.
540 2802 696 2867 annotatio
720 2801 756 2864 ad
782 2803 854 2864 376.

367 2924 418 2984 20.
463 2919 595 2986 ἐκποδὼν.
641 2919 803 3002 Stsnlejus.
849 2918 936 2984 Libri
959 2919 1083 2984 ἐκποδῶν
1106 2919 1155 2985 vel
1177 2921 1209 2984 ἐκ
1231 2920 1335 2986 ποδῶν.
1458 2889 1459 2960 i

367 3043 417 3102 22.
465 3037 575 3102 Misera
597 3036 717 3102 Chorus
741 3036 939 3114 lamentatur,
972 3044 1116 3103 renovato
1141 3038 1244 3103 dolore
1267 3061 1336 3125 per·

322 3157 437 3233 culeus,
461 3178 556 3240 quum
575 3156 842 3240 aOlytaemnestra
862 3156 899 3220 ad
919 3154 1096 3221 libationem
1109 3158 1334 3246 Agamemnoni

321 3275 471 3340 ferendam
503 3276 660 3339 mittatur:
692 3274 786 3338 sentit
817 3273 917 3338 denuo
941 3274 1083 3338 acerrime
1106 3278 1136 3338 et
1158 3295 1250 3361 grave
1272 3298 1335 3340 ser·
1458 3279 1459 3304 ³

322 3395 391 3458 vitii
415 3415 507 3468 onus,
532 3392 614 3476 quod
637 3391 729 3458 libere
751 3391 836 3475 loqui
857 3397 983 3470 vetaret,
1009 3400 1039 3458 et
1062 3394 1172 3479 impiae
1195 3393 1336 3460 dominae
1458 3475 1459 3486 ἵ

322 3513 507 3599 superbiam,
530 3517 560 3576 et
583 3512 742 3578 venerandi
767 3511 882 3576 domini
906 3512 1072 3578 interitum.
1119 3511 1173 3576 Vs.
1197 3517 1238 3577 32
1264 3535 1335 3578 cau·

323 3654 384 3694 sam
409 3629 563 3716 significat
582 3628 674 3712 hujus
693 3629 867 3705 libationis,
891 3625 1041 3696 somnium
1063 3630 1333 3714 Clytaemnestram,
1458 3645 1459 3648 ’

321 3770 382 3834 quo
404 3748 458 3813 illa
479 3771 496 3812 e
517 3770 621 3812 somno
644 3747 774 3812 excitata
797 3753 922 3812 cunctas
942 3746 1124 3814 turbaverit:
1148 3749 1229 3833 quod
1254 3771 1333 3816 som·

320 3867 405 3932 nium
431 3867 519 3952 quale
539 3868 649 3944 fuerit,
672 3875 775 3952 postea
798 3867 924 3932 Orestae
946 3872 1065 3942 narrat,
1089 3871 1163 3932 523.

368 3989 418 4050 23.
463 3989 550 4066 χοᾶς.
597 3986 683 4050 Libri
718 3985 813 4065 χοὰς,
849 3985 940 4068 idque
973 3984 1115 4050 nonnulli
1150 3985 1332 4059 defendunt,
1458 4045 1459 4048 ,

322 4104 530 4169 accusativum
552 4102 681 4188 pendere
709 4125 797 4188 posse
819 4103 976 4168 credentes
1000 4128 1016 4169 a
1039 4103 1219 4184 προπομπός.
1266 4101 1330 4169 Alii

322 4221 441 4288 malunt
462 4224 545 4302 χοᾶν.
