<?xml version="1.0" encoding="UTF-8"?>
<!DOCTYPE html PUBLIC "-//W3C//DTD XHTML 1.0 Transitional//EN"
    "http://www.w3.org/TR/xhtml1/DTD/xhtml1-transitional.dtd">
<html xmlns="http://www.w3.org/1999/xhtml" xml:lang="en" lang="en">
 <head>
  <title>
</title>
<meta http-equiv="Content-Type" content="text/html;charset=utf-8" />
  <meta name='ocr-system' content='tesseract 3.04.00' />
  <meta name='ocr-capabilities' content='ocr_page ocr_carea ocr_par ocr_line ocrx_word'/>
</head>
<body>
  <div class='ocr_page' id='page_1' title='image "aeschylichoepho00jonggoog_0191.png"; bbox 0 0 2972 4974; ppageno 0'>
   <div class='ocr_carea' id='block_1_1' title="bbox 549 461 1160 523">
    <p class='ocr_par' dir='ltr' id='par_1_1' title="bbox 549 461 1160 523">
     <span class='ocr_line' id='line_1_1' title="bbox 549 461 1160 523; baseline -0.003 -1"><span class='ocrx_word' id='word_1_1' title='bbox 549 461 749 523; x_wconf 79' lang='lat' dir='ltr'>annor&#39;srro.</span> <span class='ocrx_word' id='word_1_2' title='bbox 1099 461 1160 522; x_wconf 86' lang='grc'>179</span> 
     </span>
    </p>
   </div>
   <div class='ocr_carea' id='block_1_2' title="bbox 151 659 1161 864">
    <p class='ocr_par' dir='ltr' id='par_1_2' title="bbox 151 659 1161 864">
     <span class='ocr_line' id='line_1_2' title="bbox 151 659 1160 743; baseline 0 -21"><span class='ocrx_word' id='word_1_3' title='bbox 151 660 292 743; x_wconf 78' lang='lat' dir='ltr'><strong>intusque</strong></span> <span class='ocrx_word' id='word_1_4' title='bbox 314 661 447 724; x_wconf 89' lang='lat' dir='ltr'>sentiens</span> <span class='ocrx_word' id='word_1_5' title='bbox 470 663 500 722; x_wconf 92' lang='lat' dir='ltr'>et</span> <span class='ocrx_word' id='word_1_6' title='bbox 522 664 651 723; x_wconf 86' lang='lat' dir='ltr'>tremens</span> <span class='ocrx_word' id='word_1_7' title='bbox 673 663 772 724; x_wconf 88' lang='lat' dir='ltr'>tamen</span> <span class='ocrx_word' id='word_1_8' title='bbox 796 659 924 737; x_wconf 89' lang='lat' dir='ltr'>cecinit,</span> <span class='ocrx_word' id='word_1_9' title='bbox 947 681 1030 724; x_wconf 88' lang='lat' dir='ltr'>nunc</span> <span class='ocrx_word' id='word_1_10' title='bbox 1051 659 1160 724; x_wconf 88' lang='lat' dir='ltr'>trium-</span> 
     </span>
     <span class='ocr_line' id='line_1_3' title="bbox 151 776 1161 864; baseline 0 -24"><span class='ocrx_word' id='word_1_11' title='bbox 151 777 244 864; x_wconf 88' lang='lat' dir='ltr'>phans</span> <span class='ocrx_word' id='word_1_12' title='bbox 263 779 384 844; x_wconf 89' lang='lat' dir='ltr'>intonat</span> <span class='ocrx_word' id='word_1_13' title='bbox 402 798 452 842; x_wconf 85' lang='lat' dir='ltr'>ore</span> <span class='ocrx_word' id='word_1_14' title='bbox 471 777 575 863; x_wconf 89' lang='lat' dir='ltr'>pleno:</span> <span class='ocrx_word' id='word_1_15' title='bbox 598 781 693 862; x_wconf 90' lang='lat' dir='ltr'>utque</span> <span class='ocrx_word' id='word_1_16' title='bbox 711 778 791 864; x_wconf 86' lang='lat' dir='ltr'>ipse,</span> <span class='ocrx_word' id='word_1_17' title='bbox 814 780 895 855; x_wconf 88' lang='grc'>939,</span> <span class='ocrx_word' id='word_1_18' title='bbox 921 777 1057 842; x_wconf 81' lang='lat' dir='ltr'>Orestem</span> <span class='ocrx_word' id='word_1_19' title='bbox 1082 776 1161 842; x_wconf 81' lang='lat' dir='ltr'><strong>dixit</strong></span> 
     </span>
    </p>
   </div>
   <div class='ocr_carea' id='block_1_3' title="bbox 151 881 1160 984">
    <p class='ocr_par' dir='ltr' id='par_1_3' title="bbox 151 881 1160 984">
     <span class='ocr_line' id='line_1_4' title="bbox 151 881 1160 984; baseline -0.003 -23"><span class='ocrx_word' id='word_1_20' title='bbox 151 896 187 961; x_wconf 90' lang='lat' dir='ltr'>ad</span> <span class='ocrx_word' id='word_1_21' title='bbox 210 901 339 962; x_wconf 87' lang='lat' dir='ltr'>cunctos</span> <span class='ocrx_word' id='word_1_22' title='bbox 362 895 601 972; x_wconf 71' lang='lat' dir='ltr'>casamentum,</span> <span class='ocrx_word' id='word_1_23' title='bbox 634 895 678 960; x_wconf 89' lang='lat' dir='ltr'>sic</span> <span class='ocrx_word' id='word_1_24' title='bbox 710 893 783 960; x_wconf 91' lang='lat' dir='ltr'>haec</span> <span class='ocrx_word' id='word_1_25' title='bbox 805 881 926 982; x_wconf 69' lang='lat' dir='ltr'>qu&#39;oque</span> <span class='ocrx_word' id='word_1_26' title='bbox 947 897 1043 984; x_wconf 86' lang='lat' dir='ltr'>ipsius</span> <span class='ocrx_word' id='word_1_27' title='bbox 1067 894 1160 962; x_wconf 83' lang='lat' dir='ltr'>Chori</span> 
     </span>
    </p>
   </div>
   <div class='ocr_carea' id='block_1_4' title="bbox 149 1013 1164 4194">
    <p class='ocr_par' dir='ltr' id='par_1_4' title="bbox 149 1013 1164 1578">
     <span class='ocr_line' id='line_1_5' title="bbox 149 1013 1161 1102; baseline -0.002 -22"><span class='ocrx_word' id='word_1_28' title='bbox 149 1014 310 1100; x_wconf 79' lang='lat' dir='ltr'>Aeschylei</span> <span class='ocrx_word' id='word_1_29' title='bbox 341 1037 400 1080; x_wconf 88' lang='lat' dir='ltr'>vox</span> <span class='ocrx_word' id='word_1_30' title='bbox 431 1015 544 1080; x_wconf 90' lang='lat' dir='ltr'>nuncia</span> <span class='ocrx_word' id='word_1_31' title='bbox 567 1013 741 1080; x_wconf 78' lang='lat' dir='ltr'><strong>mortalium</strong></span> <span class='ocrx_word' id='word_1_32' title='bbox 765 1015 868 1102; x_wconf 82' lang='lat' dir='ltr'><strong>generi</strong></span> <span class='ocrx_word' id='word_1_33' title='bbox 891 1021 953 1092; x_wconf 86' lang='lat' dir='ltr'>est,</span> <span class='ocrx_word' id='word_1_34' title='bbox 984 1021 1161 1081; x_wconf 87' lang='lat' dir='ltr'>avertensa</span> 
     </span>
     <span class='ocr_line' id='line_1_6' title="bbox 151 1135 1163 1221; baseline -0.002 -21"><span class='ocrx_word' id='word_1_35' title='bbox 151 1135 243 1213; x_wconf 87' lang='lat' dir='ltr'>malo,</span> <span class='ocrx_word' id='word_1_36' title='bbox 264 1141 439 1221; x_wconf 87' lang='lat' dir='ltr'>metumque</span> <span class='ocrx_word' id='word_1_37' title='bbox 468 1135 578 1200; x_wconf 88' lang='lat' dir='ltr'>dooena</span> <span class='ocrx_word' id='word_1_38' title='bbox 609 1139 639 1199; x_wconf 93' lang='lat' dir='ltr'>et</span> <span class='ocrx_word' id='word_1_39' title='bbox 663 1137 860 1200; x_wconf 85' lang='lat' dir='ltr'>reverentiam</span> <span class='ocrx_word' id='word_1_40' title='bbox 888 1135 985 1200; x_wconf 86' lang='lat' dir='ltr'>divini</span> <span class='ocrx_word' id='word_1_41' title='bbox 1009 1136 1163 1212; x_wconf 87' lang='lat' dir='ltr'>numinis,</span> 
     </span>
     <span class='ocr_line' id='line_1_7' title="bbox 152 1253 1162 1340; baseline 0 -22"><span class='ocrx_word' id='word_1_42' title='bbox 152 1276 205 1318; x_wconf 93' lang='lat' dir='ltr'>nec</span> <span class='ocrx_word' id='word_1_43' title='bbox 236 1253 452 1340; x_wconf 84' lang='lat' dir='ltr'>desperandum</span> <span class='ocrx_word' id='word_1_44' title='bbox 483 1253 624 1330; x_wconf 79' lang='lat' dir='ltr'>esscha,</span> <span class='ocrx_word' id='word_1_45' title='bbox 653 1254 724 1338; x_wconf 87' lang='lat' dir='ltr'>qui,</span> <span class='ocrx_word' id='word_1_46' title='bbox 753 1253 836 1338; x_wconf 90' lang='lat' dir='ltr'>quod</span> <span class='ocrx_word' id='word_1_47' title='bbox 863 1253 949 1318; x_wconf 89' lang='lat' dir='ltr'>malis</span> <span class='ocrx_word' id='word_1_48' title='bbox 971 1276 1035 1319; x_wconf 89' lang='lat' dir='ltr'>non</span> <span class='ocrx_word' id='word_1_49' title='bbox 1058 1253 1162 1319; x_wconf 86' lang='lat' dir='ltr'>obedi-</span> 
     </span>
     <span class='ocr_line' id='line_1_8' title="bbox 152 1371 1164 1459; baseline 0 -23"><span class='ocrx_word' id='word_1_50' title='bbox 152 1377 220 1450; x_wconf 87' lang='lat' dir='ltr'>ant,</span> <span class='ocrx_word' id='word_1_51' title='bbox 249 1373 383 1459; x_wconf 88' lang='lat' dir='ltr'>superari</span> <span class='ocrx_word' id='word_1_52' title='bbox 414 1371 458 1436; x_wconf 89' lang='lat' dir='ltr'>ita</span> <span class='ocrx_word' id='word_1_53' title='bbox 488 1371 647 1438; x_wconf 88' lang='lat' dir='ltr'>videantur</span> <span class='ocrx_word' id='word_1_54' title='bbox 677 1376 707 1436; x_wconf 90' lang='lat' dir='ltr'>et</span> <span class='ocrx_word' id='word_1_55' title='bbox 739 1373 854 1448; x_wconf 83' lang='lat' dir='ltr'>vexari,</span> <span class='ocrx_word' id='word_1_56' title='bbox 891 1379 926 1437; x_wconf 93' lang='lat' dir='ltr'>ut</span> <span class='ocrx_word' id='word_1_57' title='bbox 952 1373 1016 1458; x_wconf 87' lang='lat' dir='ltr'>ipsa</span> <span class='ocrx_word' id='word_1_58' title='bbox 1040 1371 1164 1436; x_wconf 89' lang='lat' dir='ltr'>Dcusa</span> 
     </span>
     <span class='ocr_line' id='line_1_9' title="bbox 152 1491 675 1578; baseline -0.004 -22"><span class='ocrx_word' id='word_1_59' title='bbox 152 1492 237 1558; x_wconf 86' lang='lat' dir='ltr'>malis</span> <span class='ocrx_word' id='word_1_60' title='bbox 260 1495 418 1578; x_wconf 88' lang='lat' dir='ltr'>superatus</span> <span class='ocrx_word' id='word_1_61' title='bbox 442 1513 505 1556; x_wconf 87' lang='lat' dir='ltr'>esse</span> <span class='ocrx_word' id='word_1_62' title='bbox 527 1491 675 1555; x_wconf 88' lang='lat' dir='ltr'>videatur.</span> 
     </span>
    </p>

    <p class='ocr_par' dir='ltr' id='par_1_5' title="bbox 197 1609 1051 1692">
     <span class='ocr_line' id='line_1_10' title="bbox 197 1609 1051 1692; baseline 0 -17"><span class='ocrx_word' id='word_1_63' title='bbox 197 1615 271 1676; x_wconf 84' lang='lat'><strong>961.</strong></span> <span class='ocrx_word' id='word_1_64' title='bbox 316 1611 398 1692; x_wconf 73' lang='grc' dir='ltr'><em>παρα</em></span> <span class='ocrx_word' id='word_1_65' title='bbox 418 1611 460 1676; x_wconf 83' lang='grc' dir='ltr'>τὸ.</span> <span class='ocrx_word' id='word_1_66' title='bbox 507 1610 542 1674; x_wconf 93' lang='grc' dir='ltr'><strong>Μ</strong></span> <span class='ocrx_word' id='word_1_67' title='bbox 565 1616 595 1676; x_wconf 90' lang='lat' dir='ltr'>et</span> <span class='ocrx_word' id='word_1_68' title='bbox 618 1610 648 1675; x_wconf 87' lang='lat' dir='ltr'><strong>R</strong></span> <span class='ocrx_word' id='word_1_69' title='bbox 670 1611 754 1692; x_wconf 74' lang='lat' dir='ltr'>:talpa</span> <span class='ocrx_word' id='word_1_70' title='bbox 774 1637 825 1689; x_wconf 84' lang='grc' dir='ltr'>τε,</span> <span class='ocrx_word' id='word_1_71' title='bbox 852 1609 987 1691; x_wconf 64' lang='lat' dir='ltr'>aenae</span> <span class='ocrx_word' id='word_1_72' title='bbox 1009 1636 1051 1676; x_wconf 87' lang='grc' dir='ltr'>τε.</span> 
     </span>
    </p>

    <p class='ocr_par' dir='ltr' id='par_1_6' title="bbox 153 1727 1164 2054">
     <span class='ocr_line' id='line_1_11' title="bbox 198 1727 1164 1815; baseline -0.001 -20"><span class='ocrx_word' id='word_1_73' title='bbox 198 1735 271 1795; x_wconf 88' lang='grc'><strong>961.</strong></span> <span class='ocrx_word' id='word_1_74' title='bbox 317 1727 398 1810; x_wconf 71' lang='lat' dir='ltr'>arripe</span> <span class='ocrx_word' id='word_1_75' title='bbox 425 1729 459 1793; x_wconf 74' lang='grc' dir='ltr'>τὸ</span> <span class='ocrx_word' id='word_1_76' title='bbox 481 1735 544 1813; x_wconf 80' lang='grc' dir='ltr'>φῶς</span> <span class='ocrx_word' id='word_1_77' title='bbox 567 1729 641 1794; x_wconf 73' lang='grc' dir='ltr'>ἰδεῖν,</span> <span class='ocrx_word' id='word_1_78' title='bbox 686 1730 782 1794; x_wconf 87' lang='lat' dir='ltr'>Lucis</span> <span class='ocrx_word' id='word_1_79' title='bbox 813 1751 884 1794; x_wconf 89' lang='lat' dir='ltr'>sane</span> <span class='ocrx_word' id='word_1_80' title='bbox 913 1729 1046 1815; x_wconf 82' lang='lat' dir='ltr'>imagine</span> <span class='ocrx_word' id='word_1_81' title='bbox 1075 1751 1164 1794; x_wconf 86' lang='lat' dir='ltr'>omne</span> 
     </span>
     <span class='ocr_line' id='line_1_12' title="bbox 153 1847 1162 1934; baseline 0 -22"><span class='ocrx_word' id='word_1_82' title='bbox 153 1849 296 1934; x_wconf 87' lang='lat' dir='ltr'>gaudium</span> <span class='ocrx_word' id='word_1_83' title='bbox 318 1849 526 1934; x_wconf 86' lang='lat' dir='ltr'>significatur:</span> <span class='ocrx_word' id='word_1_84' title='bbox 553 1855 758 1914; x_wconf 76' lang='lat' dir='ltr'>verumtamen</span> <span class='ocrx_word' id='word_1_85' title='bbox 790 1847 849 1912; x_wconf 90' lang='lat' dir='ltr'>hoc</span> <span class='ocrx_word' id='word_1_86' title='bbox 873 1848 940 1913; x_wconf 88' lang='lat' dir='ltr'>loeo</span> <span class='ocrx_word' id='word_1_87' title='bbox 964 1848 1079 1914; x_wconf 88' lang='lat' dir='ltr'>dicitur</span> <span class='ocrx_word' id='word_1_88' title='bbox 1100 1870 1162 1912; x_wconf 94' lang='lat' dir='ltr'>non</span> 
     </span>
     <span class='ocr_line' id='line_1_13' title="bbox 153 1967 533 2054; baseline -0.005 -22"><span class='ocrx_word' id='word_1_89' title='bbox 153 1969 216 2032; x_wconf 90' lang='lat' dir='ltr'>sine</span> <span class='ocrx_word' id='word_1_90' title='bbox 238 1973 375 2054; x_wconf 84' lang='lat' dir='ltr'>respectu</span> <span class='ocrx_word' id='word_1_91' title='bbox 399 1967 437 2031; x_wconf 89' lang='lat' dir='ltr'>ad</span> <span class='ocrx_word' id='word_1_92' title='bbox 461 1971 533 2032; x_wconf 85' lang='lat'>863.</span> 
     </span>
    </p>

    <p class='ocr_par' dir='ltr' id='par_1_7' title="bbox 153 2085 1164 2412">
     <span class='ocr_line' id='line_1_14' title="bbox 196 2085 1164 2169; baseline 0.001 -17"><span class='ocrx_word' id='word_1_93' title='bbox 196 2092 270 2153; x_wconf 83' lang='grc'>961.</span> <span class='ocrx_word' id='word_1_94' title='bbox 316 2087 401 2165; x_wconf 67' lang='grc' dir='ltr'><em>μέγα</em></span> <span class='ocrx_word' id='word_1_95' title='bbox 422 2085 449 2152; x_wconf 87' lang='grc' dir='ltr'>τ’</span> <span class='ocrx_word' id='word_1_96' title='bbox 471 2086 621 2168; x_wconf 63' lang='grc' dir='ltr'>ἀφῃρέθην.</span> <span class='ocrx_word' id='word_1_97' title='bbox 667 2088 705 2150; x_wconf 92' lang='lat' dir='ltr'>In</span> <span class='ocrx_word' id='word_1_98' title='bbox 732 2085 819 2151; x_wconf 83' lang='lat' dir='ltr'>libris</span> <span class='ocrx_word' id='word_1_99' title='bbox 841 2087 941 2164; x_wconf 78' lang='grc' dir='ltr'><em>μέγαν</em></span> <span class='ocrx_word' id='word_1_100' title='bbox 962 2085 991 2152; x_wconf 88' lang='grc' dir='ltr'>τ’</span> <span class='ocrx_word' id='word_1_101' title='bbox 1013 2085 1164 2169; x_wconf 67' lang='grc' dir='ltr'><strong><em>ἀφῃρέθην.</em></strong></span> 
     </span>
     <span class='ocr_line' id='line_1_15' title="bbox 153 2205 1163 2295; baseline 0 -23"><span class='ocrx_word' id='word_1_102' title='bbox 153 2208 349 2295; x_wconf 77' lang='lat' dir='ltr'>significatur</span> <span class='ocrx_word' id='word_1_103' title='bbox 383 2205 520 2270; x_wconf 89' lang='lat' dir='ltr'>liberatio</span> <span class='ocrx_word' id='word_1_104' title='bbox 551 2206 620 2292; x_wconf 84' lang='lat' dir='ltr'>jugi</span> <span class='ocrx_word' id='word_1_105' title='bbox 655 2206 789 2284; x_wconf 89' lang='lat' dir='ltr'>servilis,</span> <span class='ocrx_word' id='word_1_106' title='bbox 822 2207 905 2291; x_wconf 87' lang='lat' dir='ltr'>quod</span> <span class='ocrx_word' id='word_1_107' title='bbox 934 2205 1102 2292; x_wconf 79' lang='lat' dir='ltr'>Aegisthus</span> <span class='ocrx_word' id='word_1_108' title='bbox 1132 2215 1163 2272; x_wconf 89' lang='lat' dir='ltr'>et</span> 
     </span>
     <span class='ocr_line' id='line_1_16' title="bbox 154 2325 751 2412; baseline -0.005 -20"><span class='ocrx_word' id='word_1_109' title='bbox 154 2326 391 2412; x_wconf 80' lang='lat' dir='ltr'>Clytaemnestra</span> <span class='ocrx_word' id='word_1_110' title='bbox 414 2325 515 2389; x_wconf 89' lang='lat' dir='ltr'>domui</span> <span class='ocrx_word' id='word_1_111' title='bbox 540 2327 751 2412; x_wconf 86' lang='lat' dir='ltr'>imposuerant.</span> 
     </span>
    </p>

    <p class='ocr_par' dir='ltr' id='par_1_8' title="bbox 152 2441 1163 3601">
     <span class='ocr_line' id='line_1_17' title="bbox 196 2441 1163 2523; baseline -0.002 -13"><span class='ocrx_word' id='word_1_112' title='bbox 196 2449 272 2510; x_wconf 81' lang='lat'><strong>963.</strong></span> <span class='ocrx_word' id='word_1_113' title='bbox 316 2441 413 2521; x_wconf 74' lang='grc' dir='ltr'><em>ἄναγε</em></span> <span class='ocrx_word' id='word_1_114' title='bbox 434 2443 497 2522; x_wconf 72' lang='grc' dir='ltr'>μὰν</span> <span class='ocrx_word' id='word_1_115' title='bbox 519 2442 605 2523; x_wconf 76' lang='grc' dir='ltr'><em>δόμα.</em></span> <span class='ocrx_word' id='word_1_116' title='bbox 651 2445 690 2510; x_wconf 90' lang='lat' dir='ltr'>In</span> <span class='ocrx_word' id='word_1_117' title='bbox 712 2443 799 2508; x_wconf 83' lang='lat' dir='ltr'>libris</span> <span class='ocrx_word' id='word_1_118' title='bbox 822 2443 933 2523; x_wconf 74' lang='grc' dir='ltr'><em>δόμοις,</em></span> <span class='ocrx_word' id='word_1_119' title='bbox 963 2447 1049 2509; x_wconf 89' lang='lat' dir='ltr'>etin</span> <span class='ocrx_word' id='word_1_120' title='bbox 1074 2445 1107 2508; x_wconf 92' lang='lat' dir='ltr'><strong>M</strong></span> <span class='ocrx_word' id='word_1_121' title='bbox 1132 2449 1163 2508; x_wconf 90' lang='lat' dir='ltr'>et</span> 
     </span>
     <span class='ocr_line' id='line_1_18' title="bbox 153 2560 1162 2649; baseline 0 -21"><span class='ocrx_word' id='word_1_122' title='bbox 153 2565 182 2628; x_wconf 88' lang='lat' dir='ltr'><strong>G</strong></span> <span class='ocrx_word' id='word_1_123' title='bbox 202 2563 369 2641; x_wconf 71' lang='grc' dir='ltr'><em>ἀναγεμὰν.</em></span> <span class='ocrx_word' id='word_1_124' title='bbox 403 2563 562 2628; x_wconf 70' lang='lat' dir='ltr'>Assentior</span> <span class='ocrx_word' id='word_1_125' title='bbox 578 2563 769 2640; x_wconf 83' lang='lat' dir='ltr'>Hermanno,</span> <span class='ocrx_word' id='word_1_126' title='bbox 784 2560 882 2640; x_wconf 73' lang='grc' dir='ltr'><em>ἄναγε</em></span> <span class='ocrx_word' id='word_1_127' title='bbox 897 2564 1069 2649; x_wconf 87' lang='lat' dir='ltr'>significare</span> <span class='ocrx_word' id='word_1_128' title='bbox 1080 2565 1162 2648; x_wconf 84' lang='lat' dir='ltr'>erige</span> 
     </span>
     <span class='ocr_line' id='line_1_19' title="bbox 152 2679 1158 2768; baseline -0.002 -22"><span class='ocrx_word' id='word_1_129' title='bbox 152 2687 182 2746; x_wconf 89' lang='lat' dir='ltr'>te</span> <span class='ocrx_word' id='word_1_130' title='bbox 203 2681 253 2746; x_wconf 89' lang='lat' dir='ltr'>vel</span> <span class='ocrx_word' id='word_1_131' title='bbox 275 2682 383 2768; x_wconf 85' lang='lat' dir='ltr'>erigite</span> <span class='ocrx_word' id='word_1_132' title='bbox 405 2703 475 2758; x_wconf 78' lang='lat' dir='ltr'>vos,</span> <span class='ocrx_word' id='word_1_133' title='bbox 494 2685 526 2746; x_wconf 88' lang='lat' dir='ltr'>et</span> <span class='ocrx_word' id='word_1_134' title='bbox 548 2680 641 2746; x_wconf 85' lang='lat' dir='ltr'>simili</span> <span class='ocrx_word' id='word_1_135' title='bbox 662 2682 758 2746; x_wconf 86' lang='lat' dir='ltr'>forma</span> <span class='ocrx_word' id='word_1_136' title='bbox 777 2681 894 2746; x_wconf 89' lang='lat' dir='ltr'>dictum</span> <span class='ocrx_word' id='word_1_137' title='bbox 915 2703 980 2746; x_wconf 86' lang='lat' dir='ltr'>esse</span> <span class='ocrx_word' id='word_1_138' title='bbox 994 2687 1029 2746; x_wconf 90' lang='lat' dir='ltr'>ut</span> <span class='ocrx_word' id='word_1_139' title='bbox 1044 2679 1158 2759; x_wconf 75' lang='grc' dir='ltr'><em>ἄπαγε.</em></span> 
     </span>
     <span class='ocr_line' id='line_1_20' title="bbox 154 2800 1161 2887; baseline -0.002 -21"><span class='ocrx_word' id='word_1_140' title='bbox 154 2800 338 2866; x_wconf 86' lang='lat' dir='ltr'>Klaueenius</span> <span class='ocrx_word' id='word_1_141' title='bbox 369 2803 480 2866; x_wconf 86' lang='lat' dir='ltr'>retinet</span> <span class='ocrx_word' id='word_1_142' title='bbox 508 2800 619 2878; x_wconf 71' lang='grc' dir='ltr'><em>δόμοις,</em></span> <span class='ocrx_word' id='word_1_143' title='bbox 649 2807 679 2865; x_wconf 90' lang='lat' dir='ltr'>et</span> <span class='ocrx_word' id='word_1_144' title='bbox 710 2801 826 2866; x_wconf 90' lang='lat' dir='ltr'>dictum</span> <span class='ocrx_word' id='word_1_145' title='bbox 859 2823 923 2866; x_wconf 86' lang='lat' dir='ltr'>esse</span> <span class='ocrx_word' id='word_1_146' title='bbox 946 2806 1033 2887; x_wconf 86' lang='lat' dir='ltr'>putat</span> <span class='ocrx_word' id='word_1_147' title='bbox 1055 2823 1110 2887; x_wconf 90' lang='lat' dir='ltr'>pro</span> <span class='ocrx_word' id='word_1_148' title='bbox 1133 2801 1161 2864; x_wconf 82' lang='grc' dir='ltr'>ἐν</span> 
     </span>
     <span class='ocr_line' id='line_1_21' title="bbox 154 2919 1162 3006; baseline -0.003 -20"><span class='ocrx_word' id='word_1_149' title='bbox 154 2919 261 2998; x_wconf 68' lang='lat' dir='ltr'>lipare:</span> <span class='ocrx_word' id='word_1_150' title='bbox 284 2919 429 3006; x_wconf 88' lang='lat' dir='ltr'>appellari</span> <span class='ocrx_word' id='word_1_151' title='bbox 451 2925 551 2984; x_wconf 90' lang='lat' dir='ltr'>autem</span> <span class='ocrx_word' id='word_1_152' title='bbox 574 2942 694 2999; x_wconf 88' lang='lat' dir='ltr'>omnes,</span> <span class='ocrx_word' id='word_1_153' title='bbox 712 2922 765 3004; x_wconf 92' lang='lat' dir='ltr'>qui</span> <span class='ocrx_word' id='word_1_154' title='bbox 785 2921 818 2984; x_wconf 91' lang='lat' dir='ltr'>in</span> <span class='ocrx_word' id='word_1_155' title='bbox 834 2921 961 2986; x_wconf 89' lang='lat' dir='ltr'>aedibus</span> <span class='ocrx_word' id='word_1_156' title='bbox 973 2919 1162 2994; x_wconf 76' lang='lat' dir='ltr'>habitarent,</span> 
     </span>
     <span class='ocr_line' id='line_1_22' title="bbox 155 3038 1163 3126; baseline 0.001 -23"><span class='ocrx_word' id='word_1_157' title='bbox 155 3040 184 3103; x_wconf 93' lang='lat' dir='ltr'>in</span> <span class='ocrx_word' id='word_1_158' title='bbox 207 3041 313 3126; x_wconf 87' lang='lat' dir='ltr'>primis</span> <span class='ocrx_word' id='word_1_159' title='bbox 336 3041 435 3125; x_wconf 88' lang='lat' dir='ltr'>ipsum</span> <span class='ocrx_word' id='word_1_160' title='bbox 461 3038 595 3104; x_wconf 86' lang='lat' dir='ltr'>(lhorum</span> <span class='ocrx_word' id='word_1_161' title='bbox 610 3039 753 3126; x_wconf 86' lang='lat' dir='ltr'>appellari</span> <span class='ocrx_word' id='word_1_162' title='bbox 770 3062 787 3103; x_wconf 89' lang='lat' dir='ltr'>a</span> <span class='ocrx_word' id='word_1_163' title='bbox 804 3044 897 3105; x_wconf 85' lang='lat' dir='ltr'>semet</span> <span class='ocrx_word' id='word_1_164' title='bbox 914 3041 989 3126; x_wconf 86' lang='lat' dir='ltr'>ipso.</span> <span class='ocrx_word' id='word_1_165' title='bbox 1024 3039 1066 3103; x_wconf 79' lang='lat' dir='ltr'>ut</span> <span class='ocrx_word' id='word_1_166' title='bbox 1078 3061 1163 3126; x_wconf 86' lang='lat' dir='ltr'>prae-</span> 
     </span>
     <span class='ocr_line' id='line_1_23' title="bbox 156 3157 1162 3245; baseline -0.001 -22"><span class='ocrx_word' id='word_1_167' title='bbox 156 3159 265 3243; x_wconf 90' lang='lat' dir='ltr'>positio</span> <span class='ocrx_word' id='word_1_168' title='bbox 281 3158 403 3244; x_wconf 89' lang='lat' dir='ltr'>quidem</span> <span class='ocrx_word' id='word_1_169' title='bbox 419 3159 617 3245; x_wconf 81' lang='lat' dir='ltr'>praetermitti</span> <span class='ocrx_word' id='word_1_170' title='bbox 634 3163 751 3245; x_wconf 87' lang='lat' dir='ltr'>potest,</span> <span class='ocrx_word' id='word_1_171' title='bbox 767 3165 802 3223; x_wconf 92' lang='lat' dir='ltr'>ut</span> <span class='ocrx_word' id='word_1_172' title='bbox 816 3162 878 3223; x_wconf 86' lang='grc'>168</span> <span class='ocrx_word' id='word_1_173' title='bbox 890 3157 996 3242; x_wconf 75' lang='grc' dir='ltr'><em>τάφῳ,</em></span> <span class='ocrx_word' id='word_1_174' title='bbox 1011 3163 1042 3223; x_wconf 89' lang='lat' dir='ltr'>et</span> <span class='ocrx_word' id='word_1_175' title='bbox 1054 3160 1162 3244; x_wconf 77' lang='lat' dir='ltr'>Agam.</span> 
     </span>
     <span class='ocr_line' id='line_1_24' title="bbox 156 3275 1161 3360; baseline 0.001 -21"><span class='ocrx_word' id='word_1_176' title='bbox 156 3280 216 3340; x_wconf 82' lang='lat'>862</span> <span class='ocrx_word' id='word_1_177' title='bbox 248 3275 358 3356; x_wconf 74' lang='grc' dir='ltr'><em>δόμοις,</em></span> <span class='ocrx_word' id='word_1_178' title='bbox 390 3299 491 3341; x_wconf 89' lang='lat' dir='ltr'>verum</span> <span class='ocrx_word' id='word_1_179' title='bbox 526 3276 570 3341; x_wconf 90' lang='lat' dir='ltr'>ihi</span> <span class='ocrx_word' id='word_1_180' title='bbox 600 3276 646 3340; x_wconf 94' lang='lat' dir='ltr'>illi</span> <span class='ocrx_word' id='word_1_181' title='bbox 670 3299 758 3341; x_wconf 86' lang='lat' dir='ltr'>casus</span> <span class='ocrx_word' id='word_1_182' title='bbox 779 3297 847 3340; x_wconf 87' lang='lat' dir='ltr'>eum</span> <span class='ocrx_word' id='word_1_183' title='bbox 871 3276 988 3360; x_wconf 87' lang='lat' dir='ltr'>reliqua</span> <span class='ocrx_word' id='word_1_184' title='bbox 1010 3279 1161 3340; x_wconf 90' lang='lat' dir='ltr'>sententia</span> 
     </span>
     <span class='ocr_line' id='line_1_25' title="bbox 155 3393 1160 3482; baseline 0 -24"><span class='ocrx_word' id='word_1_185' title='bbox 155 3400 219 3482; x_wconf 88' lang='lat' dir='ltr'>apte</span> <span class='ocrx_word' id='word_1_186' title='bbox 250 3393 425 3460; x_wconf 84' lang='lat' dir='ltr'>cohaerent:</span> <span class='ocrx_word' id='word_1_187' title='bbox 454 3394 511 3460; x_wconf 90' lang='lat' dir='ltr'>hoo</span> <span class='ocrx_word' id='word_1_188' title='bbox 536 3417 606 3460; x_wconf 84' lang='lat' dir='ltr'>vero</span> <span class='ocrx_word' id='word_1_189' title='bbox 629 3395 697 3460; x_wconf 91' lang='lat' dir='ltr'>loco</span> <span class='ocrx_word' id='word_1_190' title='bbox 721 3395 812 3460; x_wconf 86' lang='lat' dir='ltr'>etiam</span> <span class='ocrx_word' id='word_1_191' title='bbox 834 3394 1004 3479; x_wconf 88' lang='lat' dir='ltr'>subjectum</span> <span class='ocrx_word' id='word_1_192' title='bbox 1027 3399 1160 3479; x_wconf 86' lang='lat' dir='ltr'>praeter-</span> 
     </span>
     <span class='ocr_line' id='line_1_26' title="bbox 156 3513 1035 3601; baseline 0 -23"><span class='ocrx_word' id='word_1_193' title='bbox 156 3515 277 3579; x_wconf 89' lang='lat' dir='ltr'>missum</span> <span class='ocrx_word' id='word_1_194' title='bbox 301 3515 396 3578; x_wconf 85' lang='lat' dir='ltr'>toret:</span> <span class='ocrx_word' id='word_1_195' title='bbox 421 3514 584 3601; x_wconf 83' lang='lat' dir='ltr'>explicatio</span> <span class='ocrx_word' id='word_1_196' title='bbox 605 3513 659 3579; x_wconf 90' lang='lat' dir='ltr'>illa</span> <span class='ocrx_word' id='word_1_197' title='bbox 682 3513 757 3578; x_wconf 92' lang='lat' dir='ltr'>mihi</span> <span class='ocrx_word' id='word_1_198' title='bbox 780 3514 901 3579; x_wconf 88' lang='lat' dir='ltr'>videtur</span> <span class='ocrx_word' id='word_1_199' title='bbox 924 3513 1035 3578; x_wconf 88' lang='lat' dir='ltr'>durior.</span> 
     </span>
    </p>

    <p class='ocr_par' dir='ltr' id='par_1_9' title="bbox 156 3631 1161 3818">
     <span class='ocr_line' id='line_1_27' title="bbox 197 3631 1161 3714; baseline -0.003 -16"><span class='ocrx_word' id='word_1_200' title='bbox 197 3637 270 3698; x_wconf 80' lang='lat'><strong>964.</strong></span> <span class='ocrx_word' id='word_1_201' title='bbox 315 3640 520 3714; x_wconf 71' lang='grc' dir='ltr'>χαμαιπετεῖς</span> <span class='ocrx_word' id='word_1_202' title='bbox 542 3634 652 3698; x_wconf 66' lang='lat' dir='ltr'>tutet.</span> <span class='ocrx_word' id='word_1_203' title='bbox 689 3633 722 3698; x_wconf 89' lang='lat' dir='ltr'>M</span> <span class='ocrx_word' id='word_1_204' title='bbox 739 3637 770 3698; x_wconf 86' lang='lat' dir='ltr'>et</span> <span class='ocrx_word' id='word_1_205' title='bbox 786 3635 814 3698; x_wconf 88' lang='lat' dir='ltr'>G</span> <span class='ocrx_word' id='word_1_206' title='bbox 830 3631 1161 3714; x_wconf 77' lang='grc' dir='ltr'><em>χαμαιτετεῖτεκεῑτθ’,</em></span> 
     </span>
     <span class='ocr_line' id='line_1_28' title="bbox 156 3752 279 3818; baseline 0.008 -3"><span class='ocrx_word' id='word_1_207' title='bbox 156 3752 182 3815; x_wconf 86' lang='lat' dir='ltr'>R</span> <span class='ocrx_word' id='word_1_208' title='bbox 204 3753 279 3818; x_wconf 74' lang='grc' dir='ltr'><strong><em>κεῖθ’.</em></strong></span> 
     </span>
    </p>

    <p class='ocr_par' dir='ltr' id='par_1_10' title="bbox 196 3869 768 3936">
     <span class='ocr_line' id='line_1_29' title="bbox 196 3869 768 3936; baseline 0.003 -2"><span class='ocrx_word' id='word_1_209' title='bbox 196 3873 268 3936; x_wconf 74' lang='lat'>964.</span> <span class='ocrx_word' id='word_1_210' title='bbox 315 3870 380 3936; x_wconf 75' lang='lat' dir='ltr'>aial.</span> <span class='ocrx_word' id='word_1_211' title='bbox 424 3871 477 3936; x_wconf 85' lang='lat' dir='ltr'>Sic</span> <span class='ocrx_word' id='word_1_212' title='bbox 500 3869 579 3936; x_wconf 89' lang='lat' dir='ltr'>libri.</span> <span class='ocrx_word' id='word_1_213' title='bbox 626 3871 690 3936; x_wconf 83' lang='lat' dir='ltr'>Alii</span> <span class='ocrx_word' id='word_1_214' title='bbox 713 3871 768 3936; x_wconf 76' lang='lat' dir='ltr'>atel.</span> 
     </span>
    </p>

    <p class='ocr_par' dir='ltr' id='par_1_11' title="bbox 155 3987 1159 4194">
     <span class='ocr_line' id='line_1_30' title="bbox 196 3987 1159 4075; baseline -0.004 -21"><span class='ocrx_word' id='word_1_215' title='bbox 196 3993 268 4054; x_wconf 83' lang='lat'>965.</span> <span class='ocrx_word' id='word_1_216' title='bbox 313 3989 484 4069; x_wconf 66' lang='grc' dir='ltr'><em>ἀμείψεται.</em></span> <span class='ocrx_word' id='word_1_217' title='bbox 531 3988 683 4054; x_wconf 88' lang='lat' dir='ltr'>Mutabit:</span> <span class='ocrx_word' id='word_1_218' title='bbox 701 3989 825 4074; x_wconf 90' lang='lat' dir='ltr'>januam</span> <span class='ocrx_word' id='word_1_219' title='bbox 847 4011 902 4075; x_wconf 87' lang='lat' dir='ltr'>pro</span> <span class='ocrx_word' id='word_1_220' title='bbox 926 3989 1008 4053; x_wconf 87' lang='lat' dir='ltr'>tristi</span> <span class='ocrx_word' id='word_1_221' title='bbox 1031 3993 1062 4052; x_wconf 93' lang='lat' dir='ltr'>et</span> <span class='ocrx_word' id='word_1_222' title='bbox 1085 3987 1159 4050; x_wconf 84' lang='lat' dir='ltr'>oali·</span> 
     </span>
     <span class='ocr_line' id='line_1_31' title="bbox 155 4105 1158 4194; baseline -0.002 -23"><span class='ocrx_word' id='word_1_223' title='bbox 155 4107 257 4193; x_wconf 85' lang='lat' dir='ltr'>ginosa</span> <span class='ocrx_word' id='word_1_224' title='bbox 279 4106 468 4193; x_wconf 88' lang='lat' dir='ltr'>splendidam</span> <span class='ocrx_word' id='word_1_225' title='bbox 491 4106 658 4194; x_wconf 89' lang='lat' dir='ltr'>laetamque</span> <span class='ocrx_word' id='word_1_226' title='bbox 681 4109 796 4172; x_wconf 87' lang='lat' dir='ltr'>efficiet.</span> <span class='ocrx_word' id='word_1_227' title='bbox 832 4107 881 4170; x_wconf 88' lang='lat' dir='ltr'>Ita</span> <span class='ocrx_word' id='word_1_228' title='bbox 905 4105 1082 4172; x_wconf 81' lang='lat' dir='ltr'>scholiasta:</span> <span class='ocrx_word' id='word_1_229' title='bbox 1102 4107 1158 4170; x_wconf 73' lang='lat' dir='ltr'>aia·</span> 
     </span>
    </p>
   </div>
   <div class='ocr_carea' id='block_1_5' title="bbox 155 4223 1039 4400">
    <p class='ocr_par' dir='ltr' id='par_1_12' title="bbox 155 4223 1039 4400">
     <span class='ocr_line' id='line_1_32' title="bbox 155 4223 798 4307; baseline -0.008 -14"><span class='ocrx_word' id='word_1_230' title='bbox 155 4223 235 4302; x_wconf 68' lang='grc' dir='ltr'><strong><em>λάξει</em></strong></span> <span class='ocrx_word' id='word_1_231' title='bbox 257 4225 319 4291; x_wconf 66' lang='grc' dir='ltr'>ἀπὸ</span> <span class='ocrx_word' id='word_1_232' title='bbox 340 4227 506 4307; x_wconf 74' lang='grc' dir='ltr'><em>κατηφείας</em></span> <span class='ocrx_word' id='word_1_233' title='bbox 530 4227 570 4298; x_wconf 77' lang='grc' dir='ltr'>εἷς</span> <span class='ocrx_word' id='word_1_234' title='bbox 592 4226 798 4306; x_wconf 74' lang='grc' dir='ltr'>λαμπρότητα.</span> 
     </span>
     <span class='ocr_line' id='line_1_33' title="bbox 980 4345 1039 4400; baseline -0.017 0"><span class='ocrx_word' id='word_1_235' title='bbox 980 4346 1014 4400; x_wconf 80' lang='grc'>12</span> <span class='ocrx_word' id='word_1_236' title='bbox 1022 4345 1039 4382; x_wconf 70' lang='lat'>⁸</span> 
     </span>
    </p>
   </div>
   <div class='ocr_carea' id='block_1_6' title="bbox 0 0 1496 4974">
    <p class='ocr_par' dir='ltr' id='par_1_13' title="bbox 0 0 1496 4974">
     <span class='ocr_line' id='line_1_34' title="bbox 0 0 1496 4974; baseline 0 0"><span class='ocrx_word' id='word_1_237' title='bbox 0 0 1496 4974; x_wconf 95' lang='lat' dir='ltr'> </span> 
     </span>
    </p>
   </div>
  </div>
 </body>
</html>
