2974 4982
559 524 758 570 nuuorsrro.
1050 544 1052 554 ι
1104 507 1165 571 137

156 708 192 772 in
223 728 297 773 voce
325 707 423 788 βασηρ
453 709 669 795 grammaticus
700 707 790 772 docet
818 705 911 785 βηλόν
939 729 1003 772 esse
1027 706 1171 785 Homeri,

154 827 257 904 βαλόν
280 827 488 913 Tragioorum.

204 948 278 1010 571.
323 943 441 1024 ἑρκείων.
486 946 525 1009 In
550 945 584 1008 M
606 942 707 1027 ἑρκίον,
729 945 763 1008 in
778 943 847 1008 aliis
864 944 911 1008 vel
926 944 976 1022 id,
999 943 1045 1008 rel
1061 943 1171 1024 ἕρνείσν.

154 1064 205 1128 Of.
232 1087 272 1127 vs.
297 1067 359 1128 561
384 1061 479 1144 ipsene
502 1062 614 1140 πύλαι,
638 1066 701 1126 653
726 1063 797 1144 θύρα
819 1062 923 1143 ipsein.

205 1185 278 1249 573.
323 1180 435 1246 ἔπειτα.
481 1181 622 1266 Conjeoit
645 1181 754 1266 aliquis
776 1179 889 1248 ἔναντα.
937 1181 1051 1246 Verum
1068 1178 1172 1247 ἔπειτα

154 1323 222 1366 uon
257 1321 326 1365 oum
358 1302 469 1380 μολὼν,
503 1299 555 1365 sed
590 1323 658 1365 eum
692 1303 758 1382 αἱρεῖ
787 1301 1035 1388 conjungendum
1059 1307 1122 1366 est:
1146 1302 1172 1364 si

155 1419 263 1485 veniet
285 1419 322 1483 ad
346 1441 393 1482 me
416 1424 447 1484 et
470 1419 611 1506 deinceps
634 1418 762 1484 attollet.

105 1624 108 1628 ¹
207 1541 280 1603 574.
324 1540 394 1619 ἀρεῖ.
439 1538 527 1616 Libri
556 1539 618 1619 ἐρεῖ.
665 1537 722 1602 use
752 1541 851 1602 autem
881 1537 1055 1622 conjectura
1085 1538 1171 1603 valde

156 1656 343 1746 probabilis3
367 1659 464 1723 oratio
484 1659 529 1722 sio
552 1657 769 1723 construenda:
801 1656 883 1722 κατα
911 1656 1011 1733 στόμα
1037 1680 1084 1736 μον
1108 1660 1176 1738 αἱρεῖ

155 1777 331 1860 ὀφθαλμοὺς
346 1778 396 1842 καὶ
412 1778 589 1856 καταβαλεῖ
603 1775 782 1860 ὀφθαλμούς.
807 1777 916 1862 Neque
927 1777 1097 1864 putandum
1111 1783 1173 1856 est,

158 1895 344 1982 Aegisthum
376 1896 595 1984 appellaturum
623 1896 717 1961 luisse
741 1896 878 1960 Orestem
905 1897 1079 1982 priusquam
1105 1919 1172 1962 eum

159 2016 348 2102 adspiceret:
383 2039 439 2080 neo
473 2014 686 2103 appellationis
720 2020 839 2102 tempus
869 2016 935 2080 lore
962 2017 1027 2102 ipse
1050 2017 1174 2084 Orestes

161 2135 248 2200 dicit.
293 2135 394 2199 Etiam
418 2135 476 2216 ἐρεῖ
496 2157 556 2199 non
580 2135 652 2221 poni
676 2135 754 2200 dioit
776 2133 990 2213 Hermannus,
1011 2136 1069 2201 nisi
1090 2137 1175 2201 addi-

160 2259 216 2318 tur
238 2253 313 2338 quid
334 2252 444 2337 aliquis
469 2252 559 2333 dieat.

209 2377 282 2437 575.
328 2371 466 2444 ποδαπὸς.
515 2371 619 2438 Utitur
643 2371 691 2436 his
715 2371 813 2436 verbis
837 2373 969 2438 famulus
994 2377 1067 2441 657.

208 2494 280 2556 576.
326 2490 451 2555 ποδώκει.
496 2493 595 2556 Affert
618 2490 772 2575 Stanlejns
796 2491 877 2576 Sept.
902 2512 927 2555 o.
953 2489 1009 2556 rh.
1034 2495 1098 2557 623
1120 2515 1172 2556 πσ-

161 2611 249 2682 ttae
269 2609 362 2689 ὄμμα.

210 2733 281 2796 577.
327 2727 573 2806 ὑπεσπανισμένη.
620 2727 711 2793 Forte
729 2727 890 2814 legendum
910 2729 1172 2810 ὑπεσπανισμένην.

163 2850 268 2926 Certe,
291 2849 318 2913 si
341 2846 578 2925 ὑπεσπανισμένη
601 2849 793 2913 retinendum
813 2853 878 2925 est,
897 2870 959 2912 uon
975 2853 1022 2914 est
1038 2848 1174 2914 absolute

161 2968 312 3054 positum,
346 2972 376 3030 et
410 2965 447 3030 ad
481 2967 610 3052 priorem
645 2966 765 3031 eaedem
796 2967 1002 3043 referendum,
1026 2969 1079 3032 sed
1102 2990 1172 3034 enm

164 3085 263 3151 πίεσαι
287 3086 541 3172 conjungendum.

210 3208 283 3270 578.
328 3205 432 3286 πρίσην.
466 3205 562 3268 Recte
581 3209 719 3283 monent,
738 3206 904 3292 significari
917 3205 1174 3291 Clytaemnestrae

165 3325 301 3402 eaedem,
332 3329 400 3411 poet
422 3325 660 3410 Agamemnonis
685 3331 715 3388 et
738 3323 881 3412 Aegisthi
901 3332 1025 3390 mortem
1053 3328 1174 3390 tertiam

163 3447 305 3510 futuram.
340 3443 472 3520 Verum,
493 3443 518 3508 si
539 3443 742 3530 Theophrasti
761 3449 791 3508 et
811 3443 988 3509 Philochori
1008 3445 1075 3508 looa
1094 3445 1174 3532 apud

163 3562 355 3630 Athenaeum
379 3563 415 3628 L.
438 3562 503 3628 XV
524 3585 548 3627 o.
572 3567 628 3641 48,
649 3586 677 3650 p.
698 3567 780 3641 693,
803 3570 975 3650 comparata
994 3587 1062 3629 oum
1082 3565 1175 3629 Anti-

163 3681 271 3770 phanis
295 3682 482 3766 aliorumque
506 3679 582 3748 loeis
606 3705 631 3747 o.
655 3685 708 3762 47,
730 3688 811 3746 reete
834 3682 993 3770 intelligo,
1017 3684 1050 3746 in
1070 3683 1174 3748 eonvi-

164 3803 222 3868 viis
256 3805 326 3889 post
360 3801 443 3864 eibos
478 3823 592 3866 merum
628 3803 728 3866 afferri
763 3801 895 3879 solebat,
931 3801 1023 3886 idque
1058 3803 1175 3866 modios

162 3921 358 4008 gustabatur,
381 3925 411 3984 et
433 3922 467 3984 in
489 3921 580 3984 tertio
603 3919 715 3985 haustu
735 3941 831 4004 eoque
849 3926 1003 4007 postremo
1023 3921 1072 3986 τὸν
1094 3923 1175 3997 ανα-

162 4041 207 4106 θὸν
229 4040 369 4120 δαίμονα,
389 4041 502 4106 bonum
526 4040 627 4104 Deum
650 4039 698 4104 vel
720 4041 861 4127 genium,
884 4039 932 4104 vel
956 4039 1017 4106 Δία
1040 4049 1173 4120 σωτῆρα,

164 4158 273 4223 Jovem
301 4163 497 4236 servatorem,
526 4158 574 4223 vel
604 4158 751 4236 Ὑμνίαν,
782 4159 967 4238 Sanitatem,
997 4159 1044 4224 vel
1067 4159 1174 4239 Τύχην

163 4280 296 4357 ἀγαθὴν,
332 4279 496 4344 Fortunam
532 4301 720 4366 prosperam,
754 4278 955 4344 invocabant:
988 4284 1092 4364 postea
1112 4279 1174 4362 jam
