2974 4982
559 547 758 592 auriculum.
1104 530 1165 591 161

153 727 237 803 ἰδεῖν,
272 727 314 792 πα
343 727 483 811 σώφροσιν
513 725 544 793 εὖ
574 727 736 806 μαιομένοις
771 727 857 807 τύχοι
891 721 957 792 ἰδεῖν
991 727 1038 792 aa
1071 727 1163 800 διίιοις.

154 845 240 916 Quid
264 851 362 908 autem
387 844 465 909 illud
489 853 568 923 erut,
599 846 681 931 quod
705 848 854 932 sapientes
878 845 980 911 videre
1002 847 1164 932 optarent?

153 985 261 1050 nempe
283 965 357 1049 quid
381 964 464 1029 aliud
487 967 548 1029 uisi
573 972 608 1030 ut
631 965 709 1031 bona
737 986 825 1030 causa
847 962 1070 1049 triumpharet?

201 1086 273 1148 787.
319 1083 365 1147 δια
396 1083 485 1155 δίκας.
512 1082 602 1148 ἅπαν.
649 1085 687 1149 In
723 1083 758 1148 M
792 1093 822 1148 et
846 1083 875 1147 G
898 1083 1061 1147 διαδικασαι
1085 1085 1163 1157 ποῖν,

154 1201 294 1286 idemque
313 1201 358 1279 R,
381 1203 432 1266 sed
455 1204 539 1289 prius
559 1204 738 1268 vocabulum
759 1207 976 1289 paroxytouou.
1025 1203 1095 1266 Jam
1115 1202 1167 1267 alii

153 1321 351 1386 emendarunt
381 1321 428 1386 δια
442 1321 532 1394 ’δίκας
555 1325 634 1387 πῖινι
670 1327 700 1386 et
730 1323 762 1386 in
790 1321 907 1386 scholio
930 1329 976 1387 est
998 1321 1112 1394 δικαίως
1135 1331 1165 1386 et

153 1439 235 1503 κατα
258 1439 347 1503 δίκαν.
383 1439 482 1504 Malui
505 1449 604 1504 autem
627 1441 692 1527 ipsa
714 1439 814 1504 ἅπαις
838 1461 875 1504 ex
894 1439 952 1504 hec
971 1441 1050 1504 enim
1071 1442 1168 1526 scrip·

154 1563 224 1621 tura
245 1557 367 1622 facilius
390 1561 463 1622 oriri
487 1559 589 1645 potuit
612 1581 661 1636 ea,
684 1581 759 1644 quse
786 1560 818 1623 in
843 1558 878 1622 M
901 1568 931 1623 et
954 1559 984 1623 G
1007 1582 1090 1624 nuuc
1106 1566 1167 1624 est.

201 1680 274 1741 787.
320 1673 402 1740 οἵπαν
433 1677 499 1748 ἔπος
530 1675 646 1753 ἔλακον,
681 1679 717 1742 σὺ
747 1677 776 1741 δέ
807 1701 853 1741 νιν.
900 1677 978 1742 Tota
1006 1675 1080 1742 haec
1103 1699 1168 1742 mea

153 1794 253 1857 oratio
283 1800 347 1857 est:
382 1793 462 1858 nihil
492 1817 597 1881 precor
627 1795 776 1881 amplius:
811 1799 845 1860 tu
869 1816 938 1860 vero
962 1817 1041 1859 meas
1064 1817 1165 1882 preces

154 1934 255 1988 serva,
278 1913 297 1975 i.
314 1937 337 1976 e.
361 1913 469 1998 perfice
492 1918 528 1976 ut
551 1919 632 1977 retae
655 1915 726 1977 sint.

201 2033 273 2096 789.
318 2030 371 2111 πρὸ
393 2031 422 2094 δὲ
445 2031 478 2106 δὴ
500 2031 609 2111 ’χθρῶν
658 2032 696 2094 lu
721 2031 807 2095 libris
830 2030 912 2111 προδὲ
935 2031 1070 2113 δῆχθρῶν.

202 2152 273 2215 799.
319 2149 375 2214 τὸν.
426 2150 630 2214 llmeudarunt
660 2172 714 2235 pro
745 2150 892 2215 librorum
923 2151 1072 2237 scriptura
1102 2155 1166 2214 τῶν.

156 2263 354 2354 significatur
386 2269 518 2332 Orestes.
565 2269 612 2333 'lu
644 2268 708 2346 illi,
739 2271 792 2354 qui
824 2292 907 2334 nuuc
938 2271 969 2333 iu
994 2269 1083 2334 domo
1105 2275 1167 2347 est,

157 2387 314 2451 victoriam
339 2385 376 2450 de
400 2385 539 2450 hostibus
563 2387 688 2452 tribuas.

201 2508 273 2569 791.
319 2529 375 2582 μιν.
421 2505 538 2590 Nempe
562 2503 671 2568 hostes.
716 2505 774 2568 Est
797 2505 920 2590 quidem
942 2505 1095 2569 interdum
1114 2529 1164 2583 μιν

157 2625 288 2707 positum
318 2644 443 2686 numero
468 2623 593 2708 plurali,
617 2632 651 2688 ut
675 2622 765 2710 Soph.
791 2624 866 2688 Oed.
891 2625 962 2709 Tyr.
985 2627 1048 2689 867
1073 2623 1166 2709 perti-

156 2762 229 2804 nens
261 2741 298 2804 ed
323 2739 438 2818 νόμους,
462 2742 537 2806 Oed.
562 2741 627 2804 Col.
651 2745 692 2805 49
717 2741 754 2805 de
775 2741 1006 2806 Eumenidibus.
1053 2743 1166 2806 'lamen

155 2857 213 2924 hcc
236 2860 303 2924 loco
325 2865 447 2946 propter
470 2860 655 2944 adjectivum
673 2861 772 2938 μέγαν
792 2868 989 2947 apparetesse
1002 2861 1163 2946 singulare.

156 2976 271 3043 Verum
310 2981 400 3042 modo
427 2981 533 3059 ἐχθρῶν
564 2981 686 3043 nomine
720 2979 950 3066 significabatur
985 2979 1166 3066 Aegisthus,

156 3095 284 3181 ideoque
315 3119 397 3160 nuuc
427 3097 515 3162 lucile
546 3099 642 3163 oratio
672 3099 796 3164 transiit
819 3099 856 3163 ad
880 3121 1036 3163 numerum
1062 3099 1167 3186 singu-

157 3213 255 3278 larem.
279 3214 321 3279 of
343 3219 414 3282 713.
464 3233 465 3236 ’

203 3338 277 3400 791.
307 3335 407 3413 μέγαν
418 3333 500 3416 ἄρας.
516 3336 563 3412 ,In
575 3335 609 3398 M
622 3336 714 3417 ἔοιρας.
738 3337 785 3400 Cf.
799 3337 836 3400 ad
848 3341 923 3400 492.
946 3336 1058 3401 Eadem
1071 3336 1166 3401 dictio

157 3459 202 3517 est
225 3457 298 3516 262.
334 3454 495 3540 Superbire
517 3454 701 3542 Aegisthum
721 3455 843 3542 Jupiter
866 3477 972 3543 passus
994 3457 1105 3520 fuerat:
1130 3457 1167 3520 cf.

158 3575 215 3648 59,
249 3573 321 3636 137.
367 3573 461 3636 Nunc
488 3579 574 3638 tauto
600 3574 753 3659 graviores
777 3595 887 3660 poenas
911 3580 1074 3640 exacturus
1097 3553 1169 3639 erat.

201 3693 273 3755 793.
320 3689 513 3769 παλίμποινα.
558 3691 646 3756 Libri
669 3691 853 3758 παλίνποινα.

203 3813 275 3874 794.
322 3804 400 3874 εὖνιν.
447 3810 534 3874 Cous.
559 3814 620 3877 247
646 3811 751 3888 γένναν
773 3808 846 3876 εὖνιν
867 3813 965 3877 αἰετοῦ
988 3811 1104 3893 πατρός.
1151 3837 1160 3860 ι

203 3931 275 3992 795.
320 3925 442 4008 ζυγέντ’.
489 3927 590 4000 Quum
614 3932 732 4017 passive
755 3932 796 3994 sit
820 3931 954 4008 dietum,
976 3931 1166 3995 intellectum

157 4044 249 4111 habet
267 4046 324 4112 ὑπο
340 4071 404 4112 σονς
428 4049 512 4132 quasi
532 4046 585 4113 tra
606 4047 710 4128 ζεύξας
720 4073 730 4113 :·
745 4039 869 4140 εοὶαειο
880 4049 1027 4134 junxisse.
1055 4050 1168 4113 Verum

157 4167 317 4253 participio
341 4166 498 4248 προστιθεὶς
521 4190 599 4234 nova
622 4190 690 4254 pars
709 4169 875 4233 sententiae
895 4170 1083 4234 enunciatur.
1108 4168 1169 4232 Ve-

158 4281 204 4348 lut
236 4307 277 4350 vs.
304 4289 320 4350 l
353 4285 520 4352 ἐποπτεύων
551 4287 643 4367 πατὴρ
674 4291 776 4365 γενοῦ,
807 4288 956 4374 adspicias
983 4292 1014 4352 et
1036 4292 1171 4353 servator

1021 4408 1056 4463 ll
