2972 4974
532 490 732 536 Annonnnio.
951 520 955 530 .
1068 477 1130 540 143

171 674 243 736 608.
289 672 428 755 δοφοννὸν.
474 672 547 736 Non
570 672 606 736 de
628 673 722 738 rutilo
746 672 847 740 oolore
870 673 932 738 diei
956 673 984 739 h.
1007 674 1026 738 1.
1049 675 1133 738 vide·

129 797 193 866 tur,
217 789 270 854 sed
289 791 455 877 significari
476 791 548 856 titio
571 795 731 868 ornentus,
753 793 773 856 i.
800 815 825 857 e.
848 793 1035 858 mortiferum
1060 792 1133 877 quie

129 909 303 974 combustus
325 914 450 974 mortem
474 909 590 977 attulit.

171 1029 244 1092 609.
290 1025 372 1103 ἥλικ’.
418 1027 585 1092 construe:
615 1027 716 1100 πονδὸς
752 1025 835 1106 ἥλικ’,
868 1027 945 1105 ἐπεὶ,
980 1029 1130 1114 aequalem

129 1146 195 1225 filii,
217 1168 255 1210 ex
277 1168 312 1210 eo
335 1152 468 1232 tempore
490 1168 566 1230 qu03
590 1168 682 1230 neque
705 1147 759 1212 diu
782 1147 959 1214 duraturum
986 1170 1021 1212 eo
1036 1148 1129 1212 vitem

130 1265 182 1332 filii
206 1265 278 1332 indo
300 1289 316 1330 a
338 1267 433 1332 natali
456 1275 599 1353 temporo

170 1388 244 1449 611.
289 1385 344 1450 διὰ.
388 1385 453 1450 Alii
484 1385 556 1462 tat,
588 1386 669 1470 quod
701 1387 832 1450 Centeno
862 1387 1053 1452 Hermannus
1077 1389 1133 1452 tri·

129 1504 207 1569 buit:
230 1526 410 1590 quemquem
434 1505 468 1568 in
491 1504 613 1568 Cantori
636 1505 770 1570 editione
788 1511 834 1570 est
857 1505 911 1571 δορὶ.

171 1627 246 1688 612.
291 1621 495 1703 μοιρόκραντον.
541 1623 587 1686 Im
623 1622 658 1686 M
692 1623 922 1703 μονροκροιντοοδ,
956 1648 970 1687 ν
1000 1644 1134 1708 supino

129 1742 241 1828 scripto
260 1763 350 1804 monu
373 1740 446 1806 alie:
472 1741 504 1804 in
529 1740 559 1804 G
582 1741 670 1804 etiem
691 1743 787 1827 magis
808 1747 949 1828 corrupte
969 1742 1133 1827 scriptura,

130 1861 157 1924 R
178 1859 360 1941 μοιρόκροοτον
380 1859 413 1923 δ’.
457 1858 641 1924 Emendavit
666 1858 823 1924 Canterun

173 1983 246 2042 613.
292 1975 391 2042 ἄλλον
411 1977 459 2042 δεῖ.
501 1976 589 2044 Libri
612 1977 696 2042 ἀλλὰ
715 1976 763 2052 ti:
783 1979 933 2062 posterius
944 1976 1133 2042 emendatum

130 2101 172 2160 eet
194 2120 211 2160 a
234 2097 394 2174 Turnebo,
416 2097 500 2184 prius
523 2119 539 2158 a
562 2093 735 2160 Schuetnio.
772 2095 964 2162 Hermennus
986 2092 1086 2160 ἄλλον
1109 2095 1134 2158 t’

130 2213 204 2280 ἔστιν
226 2215 255 2279 ἐν
277 2215 383 2291 λόγος.

172 2336 246 2398 613.
289 2331 350 2397 τιν’.
396 2332 455 2396 Pro
478 2334 568 2410 ἡμᾶς.

174 2454 246 2514 614.
292 2450 441 2516 Σκύλλον.
486 2450 569 2516 Note
587 2454 632 2514 est
651 2448 753 2514 fabula
772 2448 809 2514 de
827 2472 917 2515 aureo
933 2450 1031 2526 enine,
1043 2473 1133 2535 quem

133 2568 207 2634 vitae
243 2590 397 2655 regnoque
433 2567 586 2652 aequalem
620 2567 652 2632 in
688 2567 786 2654 eapite
816 2568 888 2634 Nisi
918 2569 998 2654 regis
1029 2567 1135 2654 Mege-

132 2688 222 2752 renois
254 2687 450 2774 conspicuum
481 2686 543 2752 filie
575 2685 640 2770 ejus
668 2685 771 2770 Scylla
803 2684 952 2764 abscidit,
972 2708 989 2750 e
1012 2685 1133 2764 Minoe,

133 2803 252 2892 Megara
284 2804 458 2884 obsidente,
485 2827 558 2870 euro
581 2804 744 2890 perducta,
766 2803 830 2882 vel,
853 2810 890 2870 ut
912 2805 965 2868 alii
989 2805 1134 2883 tradunt,

132 2921 192 3006 ejus
225 2945 325 2988 emoto
357 2930 458 3009 nepte:
487 2943 522 2986 ao
556 2922 593 2986 de
627 2921 734 2988 acerbo
762 2944 875 3008 poena,
902 2943 992 3006 quem
1016 2923 1081 3008 ipse
1103 2924 1131 2988 ei

134 3039 232 3107 Minos
255 3041 378 3106 inflixit.

175 3163 246 3224 615.
291 3157 373 3226 ὕπαρ.
419 3159 496 3224 Fere
513 3121 631 3244 recepti
648 3163 695 3224 oet
714 3160 842 3224 Poreoni
862 3159 1032 3224 emendatio
1052 3157 1133 3240 ὅπερ,

134 3275 260 3344 hostium
291 3278 396 3366 gretie.
443 3276 604 3364 Conjungo
632 3277 739 3358 ἐχθρῶν
767 3277 839 3342 ὑπαὶ
864 3299 932 3342 oum
955 3277 1076 3354 ὤλεσεν,
1099 3280 1135 3342 ut

135 3395 340 3482 significentur
373 3395 475 3460 hostes
510 3395 594 3460 illam
625 3399 823 3462 commovisse
852 3398 955 3482 itaque
988 3396 1134 3462 facinoris

136 3519 266 3580 auctores
295 3515 398 3580 fuisse.
443 3513 516 3578 Non
548 3536 670 3600 proteus
695 3517 838 3582 convenit
861 3514 1031 3602 exemplum
1055 3515 1133 3601 opud

138 3630 313 3712 Homerum,
335 3632 419 3698 11.P
442 3636 505 3698 616

327 3750 415 3824 αὐτὸς
438 3749 463 3815 δ’
485 3751 574 3818 ὤλεσε
597 3751 684 3829 θυμὸν
707 3750 758 3834 ὑφ’
779 3751 929 3833 Ἕκτορος·

138 3887 197 3932 nem
218 3868 262 3934 ibi
285 3869 373 3934 ὤλεσε
393 3869 479 3948 θυμὸν
498 3869 587 3934 hebet
605 3869 768 3946 moriendi,
789 3891 860 3956 ergo
872 3869 1022 3956 passivam
1037 3870 1133 3956 signi·

19 3972 23 4023 ³
139 3985 315 4054 ficationem:
345 3995 445 4054 temen
473 3988 663 4054 constructio
691 4010 828 4074 magnam
861 3987 951 4054 hebet
982 4009 1050 4053 oum
1075 3987 1133 4052 hoo

19 4072 25 4173 ἶ
139 4099 199 4170 1000
230 4106 469 4176 similitudinem.
515 4107 561 4170 of.
597 4105 702 4184 nno,
736 4105 857 4172 Phaon
885 4109 927 4170 eo
952 4107 972 4172 e
994 4103 1070 4172 em
1090 4107 1133 4184 n,

140 4220 263 4289 δύνασθον
287 4221 336 4288 ὑπ’
359 4226 449 4290 αὐτοῦ
472 4225 593 4308 καθορᾶν
614 4224 747 4300 veienti.
