2972 4974
596 490 794 537 aurronauro.
1136 476 1200 537 133

195 675 383 760 significavit.
429 676 468 738 Iu
508 673 625 740 scholio
665 696 720 761 pro
759 673 846 739 adria
880 675 1003 740 ἐκτεῖναι
1037 673 1199 760 legendum

195 792 311 859 ridetur
332 794 421 858 αὑτὸν
442 797 574 860 auretam.

237 915 309 976 530.
353 911 436 984 τίνος.
483 914 522 976 In
547 911 771 996 antiquioribus
798 909 986 975 editionibus
1009 909 1198 975 scribebatur

195 1029 282 1106 τινὸς,
305 1030 397 1116 idque
418 1033 481 1109 est,
507 1035 653 1115 quantum
678 1031 758 1106 soic,
779 1031 812 1094 in
835 1028 940 1107 libris,
962 1033 993 1093 et
1013 1051 1116 1094 versus
1136 1035 1200 1094 erat

194 1143 299 1212 Obori:
311 1155 377 1213 tum
391 1148 545 1234 Stanlejus
558 1171 644 1214 versu
657 1153 801 1233 sequente
811 1148 935 1234 scripsit
946 1149 1041 1223 κοοὺοῆ
1050 1169 1104 1234 pro
1113 1149 1198 1223 airh.

238 1269 308 1331 530.
355 1269 491 1346 νεογενὲς.
536 1268 625 1332 Libri
656 1267 789 1348 νεορενὲς,
820 1267 902 1353 qnod
933 1266 1121 1332 Abrcschirrs
1144 1289 1201 1353 pu-

194 1385 268 1450 tavit
288 1407 340 1472 per
363 1385 541 1451 metathesin
567 1385 684 1450 dictum
708 1387 805 1451 fuisse
826 1408 881 1473 pro
905 1391 1034 1464 νεοερνές.

237 1507 306 1568 531.
352 1505 475 1583 μονονὸν.
520 1504 722 1569 Emendatum
743 1526 796 1592 pro
818 1504 962 1569 librorum
975 1503 1199 1590 scripturaram·

196 1619 253 1700 lla,
275 1623 356 1708 quod
382 1621 572 1687 Wellauerus
596 1628 628 1696 et
649 1623 835 1688 Klausenius
858 1624 1068 1688 retinuerunt:
1091 1627 1121 1686 et
1143 1625 1199 1686 τῶ-

198 1739 294 1820 νενροέτο
318 1763 372 1828 pro
394 1738 423 1806 τ’
442 1741 570 1822 ὀνείρατι.

239 1862 307 1924 532.
353 1855 436 1938 οὖθοορ
458 1857 499 1936 ἦν.
535 1860 658 1946 Optime
677 1860 883 1924 emendatum:
909 1858 1071 1924 Turnebus
1089 1861 1140 1924 οὐκ
1154 1852 1199 1938 ἄρ’

197 1969 240 2054 ἦν,
260 1977 330 2044 libri
352 1981 383 2044 οὐ
405 1978 511 2060 χάριν,
536 1978 583 2042 val
604 1980 669 2044 sinc
688 1984 832 2057 accentu,
854 1983 885 2042 et
906 1979 939 2042 in
964 1978 999 2042 M
1023 2002 1061 2043 -νν
1084 1979 1200 2042 factum

197 2093 312 2160 ababa
344 2119 433 2162 mauu
464 2121 500 2162 ex
531 2121 586 2173 -aa
634 2099 763 2185 Signum
794 2097 1003 2185 interrogandi
1027 2102 1096 2183 post
1119 2101 1199 2173 πῶς,

198 2212 226 2275 in
259 2214 344 2279 libris
378 2218 637 2302 praetermissum,
678 2215 818 2281 nonnulli
862 2217 952 2282 etiam
987 2221 1106 2302 recepta
1141 2214 1198 2278 hac

199 2331 396 2397 emendatione
416 2335 668 2419 praetermittunt.
706 2335 766 2399 Pro
791 2336 900 2411 στννὸς
920 2339 993 2399 suut
1015 2334 1069 2419 qui
1092 2331 1200 2397 malint

94 2461 95 2490 ⁴
198 2449 328 2526 rrv'yow
353 2452 481 2516 sortasse
504 2475 579 2517 vere.
615 2453 660 2517 Of.
682 2453 790 2530 στύγος
815 2457 888 2517 991.
933 2452 1014 2516 Vide
1036 2457 1136 2515 tamen
1160 2450 1198 2515 ad

200 2571 271 2646 292,
301 2571 353 2634 nbi
383 2570 571 2636 ostendimus
601 2572 772 2658 genitivum
801 2571 886 2650 λιβὸς
917 2572 1007 2658 poni,
1041 2577 1071 2636 et
1098 2575 1199 2636 tamen

198 2684 251 2748 alio
282 2686 347 2752 loco
379 2688 451 2766 λίβη
485 2712 502 2753 a
532 2691 720 2754 nominativo
749 2688 854 2767 λίβοςι
888 2695 924 2754 ut
949 2711 1010 2753 non
1033 2688 1196 2753 absurdum

198 2802 248 2879 sit,
276 2807 446 2872 existimare
473 2808 562 2872 etiam
586 2807 695 2884 στννὸς
717 2809 887 2894 genitivam
913 2813 944 2872 et
966 2808 1075 2885 στύγος
1099 2810 1197 2872 uomi-

199 2924 332 2988 nativum.

238 3045 306 3107 534.
349 3043 464 3124 ὄψανον.
509 3046 660 3131 Agnoscit
693 3067 793 3110 vocem
827 3044 1016 3131 Hesychius,
1039 3043 1193 3132 significa·

201 3159 275 3226 tione
295 3161 396 3244 ὅψεως.
442 3165 538 3229 Recte
569 3171 722 3251 comparat
745 3164 944 3230 Blomfieldus
966 3164 1114 3245 λείψανον,
1159 3165 1199 3228 In

200 3279 334 3346 vocabulo
352 3282 450 3362 ἀνδρὸς
471 3282 633 3347 haeserunt
653 3284 842 3370 interpretes.
873 3282 1045 3348 Scholiasta
1065 3281 1198 3370 intelligi

200 3396 258 3462 vult
278 3402 426 3466 somnium
458 3401 495 3465 ab
517 3403 742 3488 Agamemnone
765 3402 907 3476 missum,
937 3401 1031 3485 idque
1053 3401 1196 3465 nonnulli

94 3567 95 3572 1
200 3517 334 3599 probant:
357 3519 555 3584 Blomlieldns
575 3525 642 3584 tum
662 3519 775 3604 requiri
795 3519 872 3584 dicit
893 3519 1065 3585 articulum.
1099 3519 1198 3586 Credo

199 3637 326 3703 universa
350 3640 466 3704 dictum
490 3661 555 3703 csse
577 3660 631 3724 pro
652 3636 790 3716 homine,
812 3639 1036 3726 significatione
1060 3639 1198 3704 collecti-

200 3775 243 3818 va:
265 3759 398 3845 profecto
421 3756 594 3822 mortalium
614 3757 732 3822 somnia
754 3779 815 3822 non
834 3780 911 3823 vana
931 3763 1020 3822 sunt:
1043 3761 1197 3823 attamen

199 3874 229 3936 ad
250 3874 305 3941 hoo
328 3876 586 3962 Clytaemnestram
609 3877 757 3940 somnium
784 3875 971 3961 respiciatur.
1005 3875 1052 3940 Gi.
1078 3879 1150 3940 690.

237 3998 306 4060 535.
350 3995 500 4076 κέκραγεν.
547 3993 753 4060 Robortellns.
792 3996 830 4059 In
856 3995 890 4058 M
914 3999 944 4058 et
968 3994 998 4058 G
1019 3993 1174 4072 νέκλοονεν.

238 4115 305 4178 536.
350 4115 457 4195 ἀνῇθον.
502 4114 598 4178 Recte
623 4112 816 4178 Hermannus
847 4114 960 4199 recepit
988 4111 1068 4178 hano
1099 4134 1198 4178 emen-

201 4227 337 4297 dationem
361 4233 575 4312 Valckenarii‚
596 4234 665 4317 qui,
690 4233 727 4298 ad
753 4231 929 4297 Herod.1v
951 4235 1014 4297 145
1037 4254 1100 4298 eam
1124 4254 1196 4297 con-
