2956 4974
738 455 946 514 ΑΙΣΧΥΛΟΥ

427 791 624 850 ΟΡΕΣΤΗΣ.
658 789 866 847 ΠΤΛΑΔΗΣ.
899 789 1264 848 ΚΑΤΓΛῙΜΝΗΣΤΡΑ.

667 921 854 980 ΟΙΚΕΤΗΣ.
878 923 1021 980 ΧΟΡΟΣ.

336 1191 400 1249 ΚΑ.
447 1181 538 1257 Ξένυι,
560 1179 671 1259 λέγοιτ’
695 1179 732 1247 ίιν
755 1179 781 1247 εί
802 1207 829 1246 τι
853 1182 906 1248 δεῖ·
941 1181 1065 1263 ποίρεστι
1088 1181 1147 1265 γὰρ

447 1313 532 1381 ίποῖοί
554 1339 607 1396 περ
631 1315 738 1394 δόμοισι
760 1314 848 1381 τοῖσδ’
875 1314 1026 1393 ἐπεικότα,

449 1446 499 1513 καί
523 1447 614 1529 όερμίι
637 1448 759 1529 λσυτρίι,
783 1448 833 1513 καί
857 1447 948 1514 πόνων
970 1449 1141 1530 θελκτήρια,
1286 1453 1344 1516 670

447 1582 597 1662 στρωμνίρ,
621 1580 734 1646 δικαίων
756 1584 783 1646 τ’
806 1581 948 1662 όμμιίτων
970 1579 1125 1664 παρουσία.

448 1716 472 1780 εί
495 1714 519 1778 δ’
541 1712 617 1780 ἄλλο
640 1713 751 1796 προῖξαι
774 1715 819 1779 δεῖ
838 1739 867 1780 τι
890 1715 1091 1795 βουλιώτερον,

448 1849 552 1931 ἀνδρῶν
574 1846 631 1914 τόδ’
654 1847 733 1913 ε’στίν
756 1849 853 1930 ἔργον,
877 1843 917 1921 οίς
940 1849 1116 1927 κοινώσομεν.

396 2033 403 2048 .
450 1979 527 2058 ξένος
549 1981 603 2059 μέν
627 1983 686 2060 είμι
709 1982 856 2054 Δαυλιεὺς
881 1983 913 2046 έκ
937 1981 1069 2047 Φωκέων·

448 2114 607 2195 στείχοντα
630 2115 653 2178 δ’
676 2114 853 2199 αὐτόφορτον
875 2115 963 2198 οίκείρι
985 2115 1066 2196 σοίγη
1279 2120 1342 2181 675

452 2251 481 2321 ἐς
500 2247 629 2329 Ἄργος,
653 2246 747 2330 ιὶίσπερ
770 2246 841 2330 δεῦρ’
864 2247 1016 2330 ἀπεζύγην
1036 2247 1146 2324 πόδας,

449 2382 545 2459 οίηνδις
567 2381 635 2462 πρὸς
658 2379 767 2458 ἀγνῶτ’
789 2376 853 2445 εἷπε
876 2381 1039 2460 συμβαλὼν
1061 2383 1144 2462 οίνίρρ,

449 2513 632 2597 ἐξιστορήσας
655 2515 704 2580 καί
728 2514 895 2598 σαφηνίσας
918 2515 992 2593 ὁδόν,

448 2648 591 2731 Στρόφιος
614 2649 627 2714 ὁ
652 2648 781 2722 Φωκεύς·
805 2650 947 2728 πειίίομαι
971 2649 1030 2726 νόορ
1053 2650 1082 2712 έν
1104 2649 1201 2730 λόγῳ·

449 2780 566 2862 ἐπείπερ
589 2778 706 2855 ἄλλως,
731 2777 751 2845 ὦ
774 2779 840 2858 ξέν’,
865 2785 904 2854 είς
922 2781 1034 2863 ’Ἄργος
1057 2782 1144 2858 κίεις,
1280 2785 1348 2848 680

448 2915 517 2997 πρδς
540 2916 605 2987 τοὺς
629 2914 788 2991 τεκόντας,
813 2916 955 2989 πανδίκως
977 2917 1175 2996 μεμνημένος,

450 3048 578 3114 τεθνεῶτ’
601 3047 740 3128 Ὀρέστην
763 3047 843 3122 είπέ,
867 3048 1010 3127 ,μηδαμῶς
1032 3047 1116 3130 λοίόη.

453 3179 505 3245 εἴτ’
529 3177 574 3246 οὖν
597 3179 720 3260 κομίζειν
744 3179 814 3258 δόξα
839 3182 944 3258 νικήσει
967 3180 1080 3260 Φίλων,

450 3311 503 3378 είτ’
525 3309 570 3378 οὖν
593 3313 740 3392 μέτοικον,
764 3315 805 3386 είς
827 3313 860 3378 τὸ
884 3319 943 3378 πίον
967 3313 1012 3380 οίεί
1036 3313 1130 3392 ξένον,

449 3447 584 3523 όοίπτειν,
609 3448 745 3530 ε’φετμόος
767 3448 859 3513 τοίσδε
882 3447 1056 3529 πόρόμευσον
1079 3447 1177 3514 πόλιν.
1285 3453 1349 3512 685

451 3587 498 3647 νῦν
521 3582 579 3662 γὰρ
603 3580 728 3658 λέβητος
750 3582 882 3662 χαλκέου
907 3582 1106 3663 πλευρώματα

450 3713 553 3778 σποδὸν
575 3714 703 3778 κέκευθεν
726 3714 823 3795 οίνδρδς
846 3717 877 3779 εὖ
900 3715 1106 3792 κεκλαυμένου.

449 3844 569 3910 τοσαῦτ’
592 3847 736 3922 οίκοιίσας,
759 3841 837 3911 εἷπον
877 3849 901 3910 εί
924 3846 953 3910 δὲ
975 3846 1120 3927 τυνχοίνω

452 3986 511 4052 τοῖς
533 3978 647 4060 κυρίοισι
670 3978 719 4044 καί
744 3980 927 4055 προσήκουσιν
948 3981 1062 4058 λέγων,

451 4116 500 4178 οὐκ
522 4109 606 4190 οἶδα,
629 4113 678 4178 τὸν
700 4113 823 4179 τεκόντα
846 4115 869 4178 δ’
892 4114 964 4187 είκὸς
987 4115 1096 4179 είδέναι.
1282 4118 1347 4180 690

339 4259 404 4314 ΚΛ.
451 4246 475 4312 οί
498 4250 571 4326 ἐγὼ,
593 4252 660 4313 κατ’
683 4246 775 4329 ίικρας
799 4244 884 4321 είπκς
907 4250 943 4321 ὡς
966 4249 1151 4330 πορόοιίμεόα.
