2956 4974
350 486 391 548 70
646 503 910 548 rurnuruuuarro
932 505 1067 550 rasurus.

345 688 439 749 strata
457 685 585 770 jacuisti
607 685 736 772 semper:
760 707 830 751 mox
853 691 972 772 tempus
994 707 1095 751 rerum
1119 687 1267 774 perfector
1289 709 1352 752 om-

346 803 431 867 nium
462 803 592 868 mutabit
618 805 741 889 januam
771 804 907 882 aedium,
937 826 1030 889 quum
1051 827 1067 870 a
1090 807 1158 872 foco
1181 829 1269 870 omne
1290 807 1352 893 pia-

347 919 450 985 culum
480 924 726 987 exterminaverit
755 921 992 988 lustrationibus
1015 924 1115 988 omnis
1137 925 1288 1010 purgatio.
1318 925 1358 988 lu
1468 963 1469 984 r

269 1041 333 1106 970
347 1039 482 1126 specioso
505 1043 573 1104 toro
596 1039 718 1104 fortuna
741 1039 943 1106 clamantibus
966 1042 1130 1106 constituit
1146 1045 1226 1107 tetra
1243 1043 1358 1107 auditu.

346 1155 477 1221 Aedium
499 1155 617 1222 incolae
638 1157 854 1237 mutabuntur;
878 1158 952 1224 licet
977 1160 1151 1248 conspicare
1175 1159 1285 1226 lucem.

686 1399 854 1480 Ouusrns,
879 1402 1025 1468 Ououus.

397 1635 446 1698 Or.
491 1634 651 1721 Adspicits
672 1639 769 1700 terrae
791 1634 882 1722 hujus
905 1636 1058 1723 duplicem
1081 1638 1289 1723 tyrannidem,
1311 1661 1364 1726 pe-

352 1753 467 1837 trisque
489 1753 698 1820 interfectores
720 1757 751 1818 et
772 1753 879 1818 domus
899 1775 1060 1820 eversores.
1092 1756 1222 1843 Superbi
1240 1756 1364 1842 quidem

353 1876 455 1950 erant,
481 1872 514 1936 iu
544 1871 628 1937 sellis
657 1882 733 1937 tuno
763 1873 917 1952 sedantes,
948 1879 980 1938 et
1009 1895 1092 1939 nunc
1123 1897 1243 1962 quoque
1274 1877 1364 1940 amici

353 1989 434 2054 iuter
460 2012 507 2068 se,
537 1994 573 2054 ut
601 1997 711 2056 sortem
743 1991 946 2078 adspicientes
973 1992 1122 2077 conjicere
1145 1992 1233 2072 licet,
1253 1995 1366 2079 jusque

354 2109 517 2194 jurandum
546 2109 580 2172 in
611 2109 670 2174 fide
698 2116 807 2174 manet.
853 2109 1060 2195 Oonjuraruut
1081 2113 1161 2176 enim
1184 2135 1216 2176 se
1238 2119 1365 2178 mortem

353 2227 432 2313 patri
453 2249 518 2290 mco
537 2227 645 2292 misere
664 2227 804 2292 illaturos
825 2233 855 2293 et
871 2229 1035 2294 morituros
1051 2231 1256 2315 conjunctim:
1273 2253 1368 2315 eaque

279 2349 342 2411 080
352 2345 550 2430 jurajuranda
573 2352 711 2412 eventum
736 2346 857 2412 babent.
904 2348 1017 2413 Videte
1043 2371 1149 2436 porro,
1172 2349 1280 2414 horum
1303 2372 1367 2414 ma·
1468 2333 1469 2350 ¹

356 2464 455 2528 lorum
474 2470 585 2542 testes,
603 2463 786 2544 machinam,
807 2466 929 2531 vincula
948 2459 1026 2553 patri
1046 2469 1168 2548 misero,
1183 2468 1369 2554 laqueosque
1468 2509 1469 2524 ι

356 2603 497 2647 manuum
528 2584 697 2670 pedumque
723 2585 843 2672 jugum.
888 2584 1056 2650 Extendite
1087 2585 1157 2665 illa,
1187 2593 1217 2651 et
1248 2587 1368 2652 circulo

353 2723 447 2789 prope
476 2706 590 2766 stantes
620 2703 773 2767 ostendite
795 2706 1004 2790 tegumentum
1029 2705 1101 2783 viri,
1126 2711 1162 2769 ut
1185 2705 1288 2770 videat
1313 2727 1368 2792 pa-

357 2825 420 2899 ter,
438 2841 502 2884 uon
520 2843 618 2898 meus,
636 2822 688 2885 sed
705 2822 758 2906 qui
777 2819 850 2887 haec
870 2822 1001 2908 adspicit
1019 2825 1134 2903 omnia,
1154 2824 1223 2901 Sol,
1238 2825 1369 2911 impium

357 2963 438 3004 meae
467 2940 572 3004 matris
598 2962 682 3027 opus.
729 2941 774 3005 Ut
803 2939 878 3005 mihi
910 2942 1072 3026 aliquando
1103 2945 1190 3008 testis
1220 2944 1302 3008 adsit
1332 2946 1367 3008 in
1468 2915 1469 2934 l

359 3057 491 3144 judicio,
519 3059 603 3144 juste
632 3081 678 3122 ma
700 3057 779 3124 hanc
802 3064 992 3146 persecutum
1015 3083 1079 3126 csse
1102 3055 1221 3126 caedem
1245 3064 1370 3128 matris:
1468 3135 1469 3144 χ

283 3179 347 3242 990
359 3199 429 3242 uam
448 3177 589 3262 Aegisthi
610 3201 672 3242 uon
692 3177 760 3242 dico
781 3179 917 3243 caedem:
933 3201 1003 3244 nam
1023 3178 1113 3244 habet
1130 3181 1207 3267 legis
1226 3201 1370 3267 poenam,
1468 3209 1469 3260 3

360 3296 589 3360 convenientem
616 3295 768 3361 adultero:
792 3297 842 3361 sed
866 3317 942 3382 quae
965 3299 1029 3362 viro
1052 3298 1110 3364 boc
1133 3298 1245 3364 malum
1270 3299 1371 3364 detes-
1468 3271 1469 3282 i

358 3412 452 3478 tabile
479 3415 608 3492 struxit,
643 3436 679 3478 ex
710 3437 770 3500 quo
801 3415 965 3481 liberorum
995 3417 1051 3481 sub
1081 3423 1204 3504 pectore
1233 3422 1372 3505 portavit

361 3554 454 3609 onus,
481 3539 547 3598 tum
575 3555 692 3612 carum,
716 3540 747 3599 at
770 3557 854 3598 nuuc
875 3536 1051 3614 inimicum,
1075 3542 1110 3601 ut
1132 3538 1283 3616 ostendit,
1307 3561 1371 3604 ma-

359 3650 432 3716 lum.
466 3650 549 3722 Quid
574 3652 632 3716 tibi
655 3653 799 3718 videtur?
836 3655 922 3718 Num
946 3677 1086 3719 muraena
1106 3655 1152 3719 vel
1174 3657 1273 3742 vipera
1294 3658 1374 3736 fuit,

362 3793 438 3855 quae
471 3772 671 3857 putrefaceret
703 3794 792 3857 quem
825 3774 979 3859 tetigisset
1012 3774 1120 3852 alium,
1155 3777 1220 3840 sine
1252 3799 1373 3858 morsu,
1468 3835 1469 3840 ,

362 3893 485 3976 propter
507 3890 663 3954 audaciam
686 3895 717 3955 et
739 3891 888 3975 injustum
912 3893 1069 3958 animum?
1116 3892 1185 3964 Quo
1212 3893 1292 3958 illud
1314 3917 1373 3960 no·

362 4007 443 4072 mine
472 4008 616 4094 appellem
648 4013 678 4072 et
708 4009 804 4074 verbis
834 4009 987 4095 pejoribus
1018 4010 1196 4076 abstinebo?
1229 4011 1372 4097 laqueum
1468 4031 1469 4034 ’

364 4127 458 4204 ferae,
477 4149 515 4190 an
535 4149 633 4192 arcam
654 4127 826 4206 funebrem,
844 4149 903 4212 qua
923 4133 1060 4193 mortuus
1079 4129 1228 4195 involutis
1243 4132 1373 4218 pedibus
1468 4151 1469 4208 ἕ

264 4248 349 4310 1000
364 4249 565 4334 contegatur?
589 4255 652 4313 rete
675 4269 746 4314 sane
768 4253 799 4313 et
821 4249 966 4313 cassidem
991 4251 1103 4314 dixeris
1127 4257 1157 4316 et
1176 4252 1285 4338 pedum
1304 4252 1373 4317 viu·
1468 4245 1469 4250 ¹
