2972 4974
320 469 383 532 136
724 484 921 532 annonario.

365 673 438 735 554.
484 667 621 749 στείχειν.
667 665 755 734 Libri
778 667 902 750 στίχενν.

365 791 438 854 556.
483 785 657 858 κτείναντες.
702 785 755 850 sic
779 786 817 852 B..
840 786 875 850 M
899 789 929 850 et
952 786 981 850 G
1004 784 1185 858 malaterrae.

364 911 440 973 557.
486 907 514 970 ἐν
544 905 645 984 ταύτῷ
675 903 785 985 βρόχῳ.
831 905 969 970 Pertinet
1000 903 1038 968 sd
1068 903 1210 976 ίανίντες.
1257 903 1338 968 Non

319 1031 420 1092 autem
451 1023 524 1088 haee
554 1023 600 1087 sie
631 1021 818 1088 enucleanda
847 1027 938 1100 sunt,
967 1023 1053 1107 quasi
1077 1022 1205 1088 debeant
1228 1022 1337 1088 eadem

319 1148 403 1210 veste
436 1141 541 1207 dolosa
575 1141 657 1229 oapi:
691 1145 738 1206 est
768 1141 829 1206 lere
859 1141 1020 1228 explicatio
1044 1141 1122 1218 doli,
1145 1140 1339 1226 laqueusque
1473 1191 1474 1200 .

321 1263 424 1328 dietus
450 1261 486 1326 de
508 1261 631 1327 insidiis
647 1282 707 1324 non
725 1260 892 1338 evitandis,
914 1258 1095 1326 vocabalum
1110 1282 1181 1325 vero
1196 1261 1338 1347 positum
1473 1259 1474 1262 ’

322 1383 360 1446 ad
384 1380 556 1446 memoriam
580 1378 780 1444 renovandam
805 1379 923 1464 laquei,
945 1401 1006 1465 qua
1029 1400 1128 1467 regern
1148 1380 1339 1444 oooiderent.

366 1503 439 1565 559.
485 1499 519 1565 τὸ
549 1498 621 1580 τρίν.
667 1499 740 1564 Non
772 1503 853 1564 reete
884 1497 1049 1564 scholiasta
1076 1498 1238 1586 conjungit
1264 1520 1337 1563 enm

320 1617 478 1702 ἐφίμοσενε
512 1618 711 1703 conjunctum
746 1623 794 1683 est
827 1638 896 1682 oum
930 1617 1075 1698 aldevini:
1109 1619 1162 1700 qui
1195 1617 1338 1682 nondum

321 1737 437 1803 fefellit.

366 1860 439 1921 561.
485 1856 534 1931 ἐφ’
568 1854 695 1936 ἑρκείους.
741 1854 777 1919 Μ
811 1857 842 1918 et
876 1855 905 1919 G
938 1854 1102 1938 ἐφερκίονς,
1131 1857 1286 1920 retentum
1321 1879 1340 1920 a

323 1975 499 2040 Kleusenio.

368 2096 442 2158 563.
488 2089 601 2170 ἥσομεν.
647 2089 817 2156 Turnebus.
863 2091 903 2154 In
926 2090 960 2156 M
983 2096 1015 2156 et
1034 2092 1064 2156 G
1085 2088 1208 2170 οἴσομεν.

368 2215 440 2275 563.
486 2209 680 2291 Παρνησσῶα.
726 2211 776 2274 Ita
796 2209 874 2274 libri.
920 2210 1074 2274 Porsonus
1097 2215 1127 2274 et
1151 2210 1338 2276 Dindorfius

323 2329 504 2413 Παρννσῶαι
532 2330 658 2394 fortasse
688 2328 813 2394 melius:
845 2329 877 2392 in
900 2327 1026 2394 Eumen.
1051 2351 1093 2392 vs.
1120 2333 1157 2393 ll
1183 2328 1256 2394 libri
1281 2329 1337 2394 ha·

323 2447 396 2514 bent
419 2448 516 2536 sigma
538 2446 675 2534 simplex.

368 2571 441 2632 565.
486 2565 535 2631 καί
559 2566 602 2642 δὴ.
648 2566 744 2630 Reate
766 2563 966 2630 Blomfieldus
988 2565 1136 2651 explieat:
1154 2565 1202 2629 fao
1222 2573 1336 2632 autem.

369 2691 442 2751 566.
488 2684 605 2763 δέξαντ’.
651 2683 739 2750 Libri
761 2683 885 2762 λέξαντ’.

370 2809 442 2870 567.
488 2800 585 2877 οὕτως.
632 2804 773 2868 Fortasse
807 2802 966 2890 legendum
1000 2801 1111 2876 αἷίτοοςε
1145 2803 1337 2870 manebimus

324 2924 409 3009 quasi
433 2923 557 3008 quidam
579 2924 693 3009 inopes.
739 2920 886 2986 Nondum
909 2927 1013 2986 tamen·
1033 2922 1212 2987 mutandum
1234 2927 1322 3010 puto.

371 3047 444 3107 568.
497 3041 607 3121 δόμους.
664 3041 750 3106 Libri
785 3040 888 3120 δόμοις.
945 3041 1194 3106 Emendationem
1235 3044 1337 3108 suasit

324 3161 551 3227 Boissonadius.
597 3160 696 3225 Aliter
730 3158 802 3224 haee
836 3157 926 3224 verba
955 3165 1112 3246 ponuntur
1142 3158 1233 3247 Soph.
1257 3164 1335 3228 Ant.

325 3285 419 3345 1255.
465 3281 525 3345 Pro
548 3278 790 3360 παραστείχοντα
811 3278 883 3343 libri
908 3279 1146 3360 ταταστίχοντα.

370 3403 443 3462 569.
487 3397 671 3480 οίτείργεταν.
717 3399 766 3462 Ita
794 3395 830 3461 M
858 3401 889 3462 et
915 3397 959 3462 R:
983 3396 1097 3462 Aldina
1119 3396 1210 3463 habet
1231 3399 1336 3481 ατείρ-

324 3541 411 3595 γετε,
434 3518 464 3582 G
487 3520 658 3601 utrumque.
693 3515 802 3582 ‘Multi
824 3516 955 3582 editores
978 3516 1122 3582 Aldinam
1135 3519 1233 3582 secuti
1246 3524 1335 3596 sunt,

325 3639 470 3702 oommste
500 3639 569 3721 post
599 3634 757 3716 οίτείρχετε
788 3636 888 3722 posito
918 3640 949 3700 et
974 3640 1044 3722 post
1066 3634 1202 3713 Αίχνσίον
1225 3636 1334 3702 deletu.

325 3754 465 3819 Ceterum
486 3775 542 3818 neo
566 3755 680 3820 mediae
702 3754 794 3840 hujus
817 3756 901 3822 verbi
922 3758 1035 3821 formae
1057 3755 1141 3822 alind
1161 3759 1334 3845 exemplum

324 3876 412 3952 novi,
440 3895 495 3938 nee
524 3874 618 3939 dativi
642 3875 670 3939 ei
693 3874 797 3940 additi.
843 3876 928 3940 Num
950 3876 1029 3940 forte
1050 3875 1333 3962 ndnput·seriptum

324 3998 369 4057 est
392 3993 618 4078 significatione
640 3995 669 4058 ἐν
692 3995 822 4076 adnant?

369 4115 441 4179 571.
485 4111 590 4190 βαλὸν.
634 4113 684 4177 Ita
707 4113 759 4190 M,
782 4112 944 4179 Turnebus
964 4113 1065 4191 βαλὸν.
1112 4113 1265 4180 Collatum
1284 4122 1331 4182 est

323 4229 462 4296 Lexieou
493 4230 676 4296 rhetoricum
707 4233 739 4296 in
770 4231 901 4298 Bekkeri
933 4233 1089 4298 anecdotis
1121 4256 1148 4319 p.
1173 4238 1255 4310 224,
1277 4234 1330 4300 ubi
