2972 4974
332 505 395 566 128
740 519 941 566 annonario.

509 703 626 782 ὑμνοῦσι
648 699 673 767 δ’
695 699 781 782 ὕμνον
803 701 932 782 δώμασιν
955 701 1142 785 προσήμενον.

375 828 449 889 478.
495 821 583 898 νίκην.
629 823 680 886 Ita
702 821 783 888 libri.
829 821 1027 888 Hermannus
1050 821 1163 909 aliique
1185 821 1256 904 νίκρ.

375 944 449 1010 480.
494 939 661 1022 αἰτουμένῳ.
685 939 771 1006 Libri
784 940 961 1019 αἰτούμενος.
984 940 1167 1006 Emendavit
1176 938 1351 1005 Turnebus.
1469 981 1470 990 .

375 1065 450 1126 482.
495 1060 588 1141 μόρον.
636 1059 731 1125 Deest
761 1061 796 1124 in
827 1059 930 1140 libris,
961 1059 1134 1148 suppletum
1157 1066 1203 1126 est
1226 1083 1243 1125 a
1266 1061 1353 1125 Tur·

330 1179 425 1257 nebo,
456 1179 631 1264 conjectura
665 1177 824 1266 probabili.
869 1180 908 1244 Iu
943 1185 1054 1263 φυγεῖν
1084 1179 1182 1245 haesit
1216 1179 1353 1244 Schuet-

331 1299 412 1365 aius:
435 1299 526 1363 etiam
540 1297 736 1364 Hermannns
752 1299 900 1375 mutavit,
917 1299 1101 1386 scripsitque
1116 1305 1234 1381 τυχεῖν,
1251 1299 1352 1363 idem-

330 1440 388 1503 que
410 1417 511 1502 φθόρον
532 1438 587 1503 pro
606 1416 697 1498 μόρον.
743 1417 839 1482 Recte
858 1415 1037 1484 scholiasta:
1059 1416 1134 1486 ὥστε
1155 1425 1269 1503 φυγεῖν
1292 1419 1353 1490 τὰς

329 1537 491 1616 ἐπιβουλὰς
513 1535 651 1614 Αἰγίσθου
670 1535 910 1618 τιμωρησαμένου
930 1535 1027 1602 νοῦσόν.
1064 1538 1270 1602 Accusativus
1295 1536 1352 1615 με’-

329 1679 373 1737 ρον
396 1659 426 1720 et
449 1654 541 1720 verbo
562 1660 673 1738 φυγεῖν
692 1659 723 1719 et
745 1655 907 1743 participio
930 1657 1103 1737 προσθεῖσαν
1122 1657 1267 1741 junctum
1294 1661 1351 1721 est.

376 1778 449 1839 483.
494 1774 600 1845 batere.
645 1773 732 1838 Sacri
748 1771 886 1839 honores.
917 1774 1008 1839 Pind.
1027 1774 1077 1840 Ol.
1093 1775 1179 1839 VIII
1196 1780 1237 1840 69
1258 1776 1352 1842 tarsa

331 1890 451 1960 κλυτάν.
485 1893 532 1956 Cf.
548 1892 606 1957 ·Ol.
628 1891 679 1956 IX
703 1895 767 1957 166
791 1897 823 1956 et
845 1891 936 1957 Hom.
959 1893 997 1958 Il.
1020 1895 1049 1958 A
1072 1897 1147 1960 424.

376 2015 450 2076 484.
496 2013 576 2093 παρ’.
622 2010 735 2090 Juxta,
766 2009 786 2075 i.
809 2034 833 2076 e.
863 2033 957 2096 quum
989 2011 1043 2077 alii
1069 2013 1183 2080 mortui
1206 2013 1351 2080 fruentur

333 2131 435 2196 sacris.

377 2253 452 2314 485.
497 2246 654 2329 ἐμπύροισι.
699 2247 902 2313 Emendatum
926 2253 973 2314 est
995 2270 1050 2336 pro
1079 2248 1225 2315 librorum
1250 2251 1351 2338 scrip·

331 2373 401 2433 tura
422 2369 452 2433 ἕν
474 2374 594 2449 συροῖσν.
641 2366 687 2432 Οῖ.
719 2366 812 2454 Soph.
842 2367 889 2432 ul.
918 2369 984 2432 405
1015 2369 1056 2450 τῷ
1084 2368 1184 2452 φέρεις
1205 2368 1272 2436 eata*
1295 2369 1351 2448 ἕρν-

332 2510 420 2568 πυροο.
467 2487 609 2552 Ceterum
632 2483 753 2564 ἄνομος,
784 2485 842 2550 hoo
873 2485 942 2551 loeo
966 2509 1035 2552 cum
1060 2486 1164 2552 dativo
1197 2488 1350 2574 positum,

333 2609 396 2670 295
420 2609 451 2669 et
475 2608 539 2669 408
562 2605 734 2692 genitivum
757 2601 855 2669 habet.

377 2727 450 2789 485.
495 2723 605 2804 χθονός.
650 2723 732 2795 Quia
766 2721 911 2788 libamina
940 2727 970 2788 et
997 2723 1218 2790 immolationes
1240 2727 1274 2789 in
1299 2730 1351 2790 tn-

333 2843 425 2909 mulis
455 2842 576 2908 fiebant.
622 2841 683 2906 Pro
713 2849 874 2920 κνισωτοῖς,
905 2842 988 2927 quod
1017 2844 1051 2908 in
1083 2843 1171 2909 libris
1193 2849 1257 2923 est,
1288 2846 1351 2911 fere

335 2962 438 3027 editur
459 2967 638 3040 κνοσσωσοῖς,
661 2959 827 3026 secundum
850 2959 1035 3026 Victoriam.

380 3085 454 3145 488.
498 3079 567 3143 Janr
590 3079 628 3144 ad
652 3101 694 3145 vs.
719 3083 783 3143 255
809 3078 976 3144 Homerum
1000 3081 1260 3168 comparavimus:
1293 3081 1349 3166 qui
1458 3159 1462 3170 ¹

333 3201 464 3266 humana
493 3198 531 3264 ad
554 3198 636 3264 Deos
659 3197 876 3277 transferebat,
907 3221 995 3287 aegre
1019 3201 1083 3264 suis
1105 3199 1274 3265 honoribus
1299 3222 1349 3266 oa·

332 3321 461 3397 rituros,
494 3324 526 3384 et
555 3317 677 3384 facilius
709 3317 746 3382 ad
770 3318 938 3384 vindictam
964 3319 1213 3398 commovendos,
1244 3321 1272 3385 si
1295 3344 1349 3386 sua

332 3440 478 3504 interesse
496 3437 714 3526 intelligerent.
744 3437 964 3516 Attendamus,
987 3438 1072 3504 huno
1092 3439 1219 3504 Homeri
1235 3462 1348 3504 morem

332 3557 370 3623 ab
393 3555 545 3644 Aeschylo
577 3561 727 3622 servatum
751 3579 835 3622 esse:
866 3555 925 3622 hoc
953 3579 1074 3643 quoque
1094 3557 1180 3639 loeo,
1210 3557 1264 3624 ubi
1287 3559 1349 3624 Dei

332 3677 431 3742 instar
453 3678 660 3765 Agamemnon
683 3676 863 3755 invocatur,
886 3677 988 3741 omnia
1015 3699 1050 3741 eo
1072 3677 1236 3764 pertinere,
1258 3681 1296 3742 nt
1318 3683 1349 3742 et

332 3797 377 3860 ira
406 3796 471 3881 ejus
499 3795 650 3861 excitetur
682 3793 891 3860 recordatione
922 3795 1125 3882 ignominiae,
1155 3800 1186 3861 et
1214 3799 1349 3883 praemia

333 3915 540 4002 proponantur
570 3914 696 3993 auxilii,
729 3913 812 4000 quod
835 3912 945 4001 petunt
967 3913 1064 3980 liberi.
1110 3915 1152 3981 Et
1178 3915 1237 4001 jam
1260 3920 1350 3981 antea

332 4031 456 4098 Electra
484 4031 636 4098 similibus
668 4032 809 4119 precibus
839 4037 955 4120 patrem
979 4031 1186 4120 compellavit,
1207 4032 1349 4119 illudque

333 4151 443 4216 eximie
465 4154 584 4238 precata
608 4155 670 4227 est,
695 4155 776 4227 141,
800 4155 835 4216 ut
859 4150 917 4216 sibi
944 4151 1042 4229 daret,
1065 4155 1102 4215 ut
1124 4150 1230 4216 melior
1252 4159 1348 4219 matre

332 4273 500 4336 exsisteret.
546 4272 615 4344 Qua
655 4273 692 4336 de
725 4295 758 4336 re
792 4272 906 4358 optime
940 4272 1110 4360 disputavit
1144 4271 1347 4352 Brouwerus,
