2956 4974
318 503 359 563 58
607 525 873 574 rnrnnrnnrnrro
901 530 1034 577 carran.

364 702 432 770 oto.
478 708 579 787 Novi,
611 710 651 774 mi
679 709 740 788 lili,
762 733 830 774 nam
855 710 957 790 adfui3
980 735 997 776 e
1020 714 1147 779 somniis
1171 720 1202 780 et
1228 718 1326 782 nocti-

317 834 402 920 vagis
424 829 577 897 erroribus
599 829 713 916 agitata
733 827 807 893 haec
830 827 973 894 libamina
992 831 1078 896 misit
1097 833 1206 900 mulier
1225 837 1325 922 impia.

364 954 412 1016 Or.
481 953 530 1015 An
555 969 624 1014 vero
648 947 777 1012 novistis
800 949 965 1025 somnium,
983 953 1020 1013 ut
1039 955 1119 1016 recte
1139 952 1238 1018 dicere
1256 977 1325 1042 pos·

316 1071 408 1136 siti?

364 1189 433 1253 Cho.
480 1187 586 1252 Parere
619 1183 676 1249 sibi
708 1183 865 1250 videbatur
895 1185 1071 1266 draconem,
1093 1192 1129 1253 ut
1151 1189 1218 1276 ipsa
1241 1189 1324 1255 dicit.

364 1309 413 1372 Or.
482 1305 524 1370 m
546 1325 634 1389 quem
658 1303 748 1367 linem
770 1325 895 1388 quemve
917 1305 1032 1370 exitum
1055 1304 1146 1371 habet
1168 1309 1323 1374 narratio?

364 1425 435 1489 oro.
479 1425 517 1488 In
541 1423 645 1488 iasciis
667 1421 755 1486 illum
779 1423 865 1508 pueri
887 1423 986 1487 instar
1009 1445 1041 1488 se
1066 1425 1204 1490 movisse.

241 1545 303 1607 530
365 1543 413 1607 Or.
481 1541 573 1614 Quod
596 1541 816 1606 nutrimentum
836 1544 1004 1626 petentem⁸
1022 1563 1128 1608 recens
1147 1548 1252 1609 natum
1273 1566 1325 1609 an·

314 1681 402 1750 guum
412 1661 426 1725 P

362 1779 431 1844 cto.
476 1778 548 1864 Ipsa
571 1775 710 1864 praebuit
731 1797 888 1841 mammam
912 1778 945 1841 in
969 1779 1095 1843 somnio.

362 1899 411 1962 Or.
478 1896 520 1960 ne
542 1896 717 1982 quomodo?
746 1919 817 1960 num
843 1917 971 1961 mamma
992 1897 1184 1963 invulnerata
1206 1899 1268 1964 fuit
1289 1897 1325 1962 ab

315 2016 421 2081 odioso
443 2016 531 2080 fero?

363 2135 430 2198 oro.
477 2133 576 2198 Utin
600 2131 679 2197 lacte
702 2153 843 2218 murnum
867 2132 1026 2219 sanguinis
1049 2132 1185 2198 traxerit.

362 2256 410 2320 or.
479 2253 552 2318 Non
579 2273 650 2316 sane
671 2252 763 2316 inane
786 2255 832 2315 est
854 2249 986 2316 hominis
1008 2254 1170 2316 somnium.

326 2437 330 2444 ,
363 2374 432 2437 oto.
478 2371 537 2436 Illa
569 2394 637 2436 vero
669 2395 685 2436 e
715 2393 821 2436 somno
853 2371 995 2436 clamavit
1018 2372 1158 2436 attonita.
1205 2371 1323 2436 Multae

313 2491 482 2579 lampades,
513 2511 588 2575 quae
614 2495 788 2554 occaecatas
814 2486 946 2554 tariebris
969 2490 1105 2569 fuerant,
1127 2490 1270 2556 refulsere
1292 2492 1324 2554 in

316 2611 406 2676 domo
435 2615 558 2697 propter
588 2609 760 2673 dominamt
787 2608 939 2672 obmittit
963 2607 1106 2694 deinceps
1129 2607 1201 2673 hace
1225 2609 1324 2696 sepul·

315 2729 409 2795 oralia
430 2727 589 2804 libamina,
610 2725 776 2792 remedium
796 2727 859 2790 fore
879 2748 1001 2814 sperans
1018 2727 1055 2792 ad
1075 2728 1249 2792 resecandas
1270 2729 1326 2792 mi-

314 2849 415 2914 serias.

239 2983 302 3046 540
362 2967 412 3031 Or.
458 2964 573 3030 Verum
604 2985 708 3050 precor
738 2961 816 3027 hano
845 2967 956 3027 terram
978 2962 1132 3049 patrisque
1154 2963 1327 3042 tumulum,

315 3084 373 3149 boc
396 3084 545 3150 somnium
569 3088 605 3147 ut
629 3081 702 3146 mihi
726 3086 867 3146 eventum
900 3080 1016 3146 babeat.
1060 3081 1103 3146 ut
1121 3082 1229 3166 judico
1246 3081 1325 3147 illud

314 3227 378 3270 esse
400 3208 512 3290 aptum.
557 3204 638 3268 Nam
663 3202 688 3266 si
712 3222 749 3265 ex
767 3200 870 3265 eodem
893 3200 960 3265 loco
983 3223 1044 3286 quo
1072 3223 1128 3288 ego
1147 3204 1326 3287 proveniens

315 3324 424 3410 anguis
448 3323 523 3387 meis
545 3322 650 3388 fasciis
673 3322 843 3385 instructus
867 3320 943 3396 snit,
963 3326 994 3384 et
1017 3342 1160 3385 mammae
1178 3319 1327 3399 inhiavit,

314 3465 392 3529 quae
413 3464 462 3507 me
483 3442 632 3518 nutrivit,
651 3461 821 3527 grumoquc
839 3439 998 3526 sanguinis
1016 3439 1065 3505 lac
1082 3440 1172 3505 dulce
1187 3442 1328 3506 miscuit:

314 3561 369 3626 illa
399 3581 469 3624 vero
498 3565 620 3646 proptor
652 3563 766 3623 metum
796 3557 868 3623 huic
899 3556 977 3621 malo
1007 3559 1176 3644 ingemuit:
1207 3564 1329 3646 oportet
1463 3599 1464 3617 r

314 3680 415 3759 illam,
447 3684 480 3744 ut
512 3678 590 3742 aluit
612 3681 787 3764 portentum
811 3676 959 3755 terribile,
983 3677 1130 3742 violenter
1154 3678 1248 3742 mori:
1272 3699 1329 3766 ego

239 3814 302 3877 550
315 3823 385 3866 vero
403 3801 436 3863 in
459 3798 617 3863 draconem
639 3818 803 3862 conversus
820 3795 904 3862 illam
923 3797 1119 3874 interficiam,
1131 3801 1167 3861 ut
1178 3795 1237 3862 boc
1248 3820 1328 3864 som-

315 3921 400 3984 nium
424 3918 509 3984 dicit.
535 3917 735 4004 Haruspicom
763 3921 794 3981 te
816 3915 854 3980 do
876 3915 925 3980 his
949 3937 1013 3980 esse
1037 3915 1113 3980 volo.

362 4040 431 4102 oro.
477 4037 548 4102 Fiat
574 4038 625 4102 ita.
669 4036 799 4121 Reliqua
820 4057 891 4100 vero
916 4034 990 4100 doce
1013 4035 1143 4114 amicos,
1165 4035 1232 4101 aliis
1255 4039 1325 4123 qui·

316 4158 383 4223 dem
406 4157 556 4244 imperans
579 4155 662 4241 quod
685 4157 817 4233 faciant,
843 4153 911 4218 aliis
932 4154 1013 4239 quod
1038 4157 1289 4241 praetermittant.

364 4278 412 4342 Or.
457 4275 592 4363 Simplex
616 4275 713 4341 oratio
737 4278 798 4340 ost:
817 4273 890 4338 haec
910 4273 1032 4358 quidem
1051 4275 1195 4340 introeat:
1216 4276 1325 4342 suadeo
