2956 4974
307 441 348 500 62
602 455 867 504 rurursrrrrrro
892 457 1026 503 currum

231 637 547 725 680qusndoquidem
571 641 688 716 umen,
718 638 835 724 inquit,
864 637 991 726 hospes,
1019 642 1120 727 Argos
1143 642 1317 728 proficisce-

308 759 366 836 ris,
397 755 661 844 disparentibus,
691 758 804 844 optime
835 779 963 836 memor,
987 759 1127 825 Orestem
1149 782 1213 826 esse
1237 781 1317 824 mor-

306 881 412 954 tuum;
447 874 588 940 oblivisci
617 873 690 939 noli.
736 876 807 940 Sive
840 879 938 940 sutem
970 878 1122 942 sententis
1152 879 1317 943 amicorum

308 995 373 1080 ejus
397 993 499 1058 vincet
522 998 557 1058 ut
585 996 771 1078 reportetur,
802 993 866 1058 sive
896 998 931 1059 ut
953 991 1005 1060 hic
1029 995 1192 1082 sepeliatur
1215 997 1319 1081 inqui-

307 1113 406 1190 linus,
440 1118 470 1178 et
500 1113 532 1176 in
564 1135 652 1178 omne
681 1117 800 1200 tempus
830 1120 1007 1200 perpetuum
1030 1113 1156 1202 hospes,
1174 1117 1262 1201 jussu
1285 1139 1320 1180 es

307 1254 411 1298 rursus
443 1233 521 1297 aller.
568 1233 662 1296 Nunc
696 1231 775 1297 enim
810 1254 903 1298 urnae
936 1243 1043 1300 senece
1076 1234 1169 1300 lutere
1203 1235 1321 1300 cineres

308 1351 459 1438 obtegunt
480 1351 539 1414 riri
563 1350 638 1415 bene
661 1349 771 1414 defleti.
802 1349 889 1416 Haec
909 1373 986 1436 quae
1004 1352 1107 1418 audivi
1129 1353 1203 1418 dixi.
1234 1355 1321 1419 Num

311 1477 409 1536 cutem
435 1469 566 1534 dominis
589 1472 619 1534 et
642 1469 781 1556 cognatis
805 1469 919 1549 dicem,
941 1471 1059 1549 nescio,
1087 1494 1190 1537 verum
1214 1493 1323 1558 paren·

234 1579 297 1639 690
310 1593 370 1654 tem
395 1588 473 1654 scire
495 1591 624 1674 oportet.

358 1707 423 1792 cry.
469 1705 534 1770 Vae
555 1704 649 1783 mihi,
680 1705 787 1770 dixisti
811 1710 846 1771 ut
869 1705 1010 1772 funditus
1034 1707 1174 1794 perimus.
1220 1707 1324 1772 Odi·

310 1847 360 1890 rae
383 1825 490 1890 domus
512 1823 620 1910 hujus,
652 1823 764 1889 luctari
795 1825 937 1890 adversus
961 1847 1015 1890 vos
1038 1826 1164 1892 difficile
1185 1832 1250 1892 est:
1287 1833 1324 1892 ut

311 1943 408 2010 multa
437 1965 572 2030 quaeque
601 1942 707 2029 procul
738 1948 806 2008 tuts
836 1949 922 2008 erunt
953 1930 1131 2032 couspicitis
1158 1950 1188 2010 et
1211 1966 1284 2010 arcu
1308 1966 1325 2008 e

311 2062 482 2150 longinquo
520 2067 674 2126 assecutae
709 2061 854 2140 domatis,
899 2085 946 2128 me
981 2063 1178 2129 miserrimam
1207 2063 1325 2128 orbatis

312 2181 426 2246 amicis.
471 2180 512 2246 Et
547 2201 630 2245 nunc
672 2181 813 2260 Orestes,
855 2203 925 2246 nam
968 2188 1050 2246 sorte
1083 2205 1157 2246 usus
1192 2181 1274 2246 felici
1301 2204 1327 2246 ·e

312 2299 380 2364 luto
413 2299 585 2385 pernicioso
619 2298 722 2385 pedem
754 2299 921 2377 extulerat,
951 2321 1033 2364 nuno
1064 2323 1140 2387 quae
1170 2301 1204 2366 in
1235 2301 1327 2367 domo

313 2418 478 2482 remedium
512 2439 639 2505 spesque
679 2416 778 2504 pulcri
820 2417 927 2506 gaudii
962 2423 1042 2497 eret,
1085 2441 1148 2484 erm
1191 2440 1325 2484 eversam

313 2537 462 2602 existima.

238 2653 301 2719 700
362 2657 410 2719 Or.
455 2656 522 2742 Ego
546 2677 616 2719 vero
646 2653 818 2742 hospitibus
846 2659 908 2722 tam
931 2654 1027 2721 beatis
1049 2661 1201 2742 gratarum
1226 2678 1326 2721 rerum
1460 2651 1461 2724 l

315 2795 404 2838 ceusu
435 2780 527 2838 notus
559 2773 624 2837 fieri
654 2771 760 2838 vellem
793 2776 824 2838 et
846 2772 980 2861 hospitio
999 2775 1107 2860 jungi:
1141 2773 1215 2858 quid
1245 2775 1326 2839 enim

314 2891 487 2978 hospitibus
517 2890 636 2977 hospite
667 2889 920 2958 benevolentius?
967 2893 1027 2958 sed
1058 2898 1136 2970 eret,
1167 2915 1231 2956 mea
1259 2915 1328 2957 sen·
1460 2893 1461 2938 l

314 3011 429 3088 teutia,
450 3010 633 3096 impietatis,
654 3009 743 3074 talem
768 3033 828 3076 rem
852 3032 915 3075 ιιοιι
938 3033 1061 3076 narrare
1082 3000 1204 3088 amicis,
1231 3031 1327 3096 quum
1460 3013 1461 3076 ι

315 3130 471 3216 pollicitus
494 3130 551 3194 sim
575 3135 604 3194 et
629 3128 749 3215 hospito
773 3128 963 3194 conciliatus.

364 3249 427 3334 cry.
474 3249 548 3314 Non
579 3269 649 3312 sane
679 3247 779 3312 minus
811 3247 967 3315 dabuntur
993 3248 1052 3314 tibi
1075 3270 1151 3333 quse
1172 3252 1204 3312 te
1234 3248 1329 3334 dignu

316 3373 405 3447 sunt,
427 3388 483 3434 nec
504 3367 607 3434 minus
630 3367 688 3432 eris
713 3366 816 3432 domui
839 3372 989 3454 acceptus.
1027 3366 1119 3432 Alius
1141 3368 1255 3454 puriter
1278 3390 1329 3432 ve·
1460 3409 1461 3420 ι

241 3491 304 3555 710
317 3487 411 3552 nisct
441 3484 514 3551 haec
544 3485 755 3550 nunciaturus.
801 3485 917 3552 Verum
950 3491 997 3552 est
1031 3491 1150 3573 tempus
1190 3485 1328 3572 hospites
1460 3491 1461 3510 ¹

318 3606 366 3670 die
386 3609 507 3692 peracto
535 3604 669 3691 accipere
688 3627 763 3689 quae
781 3626 892 3691 magno
911 3605 1015 3671 itineri
1036 3605 1229 3670 conveniant.
1257 3604 1328 3670 Duc
1460 3683 1461 3694 ἵ

316 3725 460 3791 illumin
483 3723 648 3812 hospitalis
676 3725 810 3791 virorum
834 3725 989 3803 cubicula,
1011 3729 1042 3789 et
1060 3723 1256 3812 pedissequos
1272 3721 1329 3788 hos

317 3850 348 3910 et
370 3844 491 3910 itineris
515 3845 658 3910 comites:
682 3844 785 3929 ibique
805 3845 973 3932 accipiunt,
991 3867 1068 3929 quse
1087 3843 1195 3910 decent
1214 3841 1330 3908 huncce
1376 3897 1377 3900 ι
1460 3851 1461 3856 ’

319 3961 468 4027 domum..
496 3962 612 4029 Suadeo
639 3967 675 4028 ut
703 3964 763 4028 istu
792 3963 885 4028 facias
912 3967 948 4028 ut
971 3964 1118 4066 estiomem
1143 3961 1327 4028 redditurus.

320 4082 387 4146 Nos
414 4103 483 4146 vero
514 4079 587 4146 haec
618 4103 686 4147 oum
719 4081 841 4148 domus·
858 4081 989 4146 dominis
1021 4079 1328 4159 communicabimus,
1460 4121 1461 4130 ι

320 4222 377 4267 nec
399 4202 504 4287 inopes
529 4201 694 4266 amicorum
717 4201 755 4266 de
778 4199 836 4266 hoc
859 4221 932 4266 cusu
955 4199 1194 4265 deliberabimus.
