2972 4974
332 471 393 534 146
734 485 933 533 annonario.

327 676 357 735 et
388 672 474 755 quasi
510 693 562 757 per
595 670 740 736 contrarii
775 669 966 755 negationem
1001 668 1172 745 indicatur,
1208 689 1269 732 non
1302 667 1336 732 ad

326 789 563 876 euphemismum
597 789 649 855 sed
683 791 720 854 ad
755 788 907 855 horrorem
940 789 1042 875 potius
1079 788 1220 874 pertinet.
1268 787 1337 852 Non

327 909 474 974 dissimile
505 915 550 974 est
581 910 614 973 iu
643 907 701 973 hoc
732 930 842 995 genere
874 906 1055 973 vocabulum
1081 905 1258 986 οὶμείλιχος,
1280 925 1337 990 quo

325 1030 358 1092 iu
383 1027 439 1092 hac
461 1029 526 1115 ipsa
546 1028 696 1094 sententia
716 1026 835 1092 Chorus
857 1027 969 1092 utitur:
990 1029 1021 1090 et
1036 1025 1239 1107 παράμουσος,
1258 1025 1336 1111 qnod

325 1149 449 1233 ponitur
474 1151 536 1212 467
547 1172 553 1212 :
580 1148 651 1212 ride
674 1148 763 1211 etiam
787 1167 862 1230 qnae
886 1145 1029 1210 annotavi
1049 1143 1085 1208 ad
1107 1148 1180 1208 448.
1204 1143 1337 1209 Tandem

324 1271 493 1352 postremus
526 1266 721 1330 accusativus
751 1264 922 1342 γυναικείαν
952 1261 1081 1342 ἄτολμον
1111 1263 1232 1344 αἰχμὰν
1253 1264 1338 1349 quasi

324 1405 376 1470 per
399 1383 614 1470 appositionem
640 1382 858 1469 complectitur
876 1383 1046 1469 superiora,
1064 1383 1270 1460 ναμήλενμα,
1283 1381 1338 1460 μή·

322 1501 420 1580 σιδας,
451 1501 564 1567 ἑστίαις
596 1523 688 1587 eaque
720 1502 866 1566 femineae
889 1499 991 1565 hastae
1011 1501 1185 1564 memoratio
1209 1501 1340 1586 pertinet

323 1621 360 1686 ad
385 1621 627 1706 indignationem
652 1619 886 1693 cumulandam,
908 1619 991 1704 quod
1014 1641 1047 1682 ea
1069 1619 1117 1684 vir
1139 1619 1228 1682 fortis
1248 1640 1339 1682 oecu-

324 1739 448 1804 buisset.
494 1739 552 1804 est
574 1740 672 1826 igitur
697 1739 848 1804 sententia
871 1737 1061 1822 hujusmodi:
1085 1735 1339 1822 Quandoquidem

324 1879 556 1924 commemorare
584 1858 709 1923 institui
742 1857 877 1922 crudelia
898 1857 1046 1933 facinora,
1070 1856 1172 1940 qualia
1194 1855 1340 1921 Althaeae

323 1977 503 2060 Scyllaeque
546 1978 686 2040 fuerunt:
726 1979 848 2061 oportet
881 1997 952 2039 sane
985 1975 1074 2042 etiam
1111 1995 1339 2038 commemorare

322 2095 581 2181 Clytaemnestrae
616 2099 648 2159 et
682 2093 825 2180 Aegisthi
860 2093 1063 2170 connubium,
1092 2093 1220 2180 dignum
1251 2093 1338 2168 odio,

324 2235 379 2278 nec
407 2213 539 2300 optabile
573 2213 692 2291 domui,
724 2217 915 2297 structasque
937 2213 1065 2276 leminea
1088 2215 1187 2276 mente
1210 2211 1338 2276 insidias

323 2331 396 2397 forti
421 2333 485 2396 viro
506 2332 745 2418 Agamemnoni,
765 2331 818 2416 qui
838 2331 950 2395 multas
967 2329 1106 2396 hostibus
1126 2330 1244 2407 clades,
1261 2330 1337 2394 mul·

322 2451 364 2515 tis
386 2451 547 2516 interitum
570 2451 734 2528 intulerat,
754 2470 874 2535 quoque
891 2449 979 2515 modo
998 2450 1051 2514 ille
1067 2450 1338 2536 domumreceptus

317 2570 360 2636 sit
391 2592 490 2634 amore
518 2570 625 2635 nullo:
654 2593 730 2656 qnae
754 2576 827 2635 sunt
849 2571 982 2656 perlecta
1004 2569 1120 2634 imbelli
1143 2569 1229 2658 basta
1251 2570 1337 2634 lemi-

323 2709 397 2752 nea:
421 2687 495 2752 haee
518 2707 686 2752 memorare
709 2691 844 2773 oportet,
864 2709 967 2751 verum
983 2688 1009 2786 si
1029 2687 1242 2772 intempestiva
1259 2692 1338 2751 esset

324 2829 358 2870 ea
382 2807 540 2883 memoria,
566 2805 650 2869 illam
674 2805 801 2870 vitarem
826 2810 857 2869 et
881 2805 918 2868 ab
940 2828 974 2869 ea
991 2811 1113 2892 propter
1128 2804 1339 2889 injucundita-

323 2929 385 2989 tem
408 2923 602 2988 abstinerem.
650 2924 761 3008 Neque
790 2923 884 3001 σέβας
909 2925 1121 3002 ἐπιμνήσασθαι
1143 2946 1205 2989 non
1228 2945 1339 2988 conve·

323 3044 371 3106 nit
395 3064 464 3107 cum
489 3040 760 3128 praecedentibus:
791 3063 884 3126 quum
904 3043 966 3127 jam
991 3043 1123 3121 dixerit,
1146 3045 1179 3107 in
1202 3064 1340 3126 sermone

324 3165 462 3248 oportere
492 3160 591 3226 odisse
623 3159 777 3245 Scyllam:
804 3166 840 3224 ut
863 3183 927 3225 eam
950 3183 1071 3247 quoque
1093 3161 1174 3226 haud
1197 3161 1340 3226 lubenter

321 3279 375 3344 sed
397 3280 485 3363 quasi
508 3278 626 3342 invitus
651 3279 938 3346 commemoraverit.

367 3401 440 3462 631.
495 3395 528 3463 τὸ
564 3398 700 3476 Λήμνιον.
748 3397 861 3463 Caedes
896 3398 1071 3462 maritorum
1107 3402 1286 3484 patrumque
1321 3419 1340 3462 a

323 3516 459 3582 Lemniis
486 3515 662 3580 mulieribus
695 3517 792 3595 lacta,
822 3520 853 3580 et
875 3537 940 3580 mos
963 3517 1167 3596 Graecorum,
1189 3539 1250 3601 quo
1272 3539 1340 3582 sce·

323 3634 419 3701 lerata
441 3636 575 3699 facinora
599 3634 790 3721 appellarunt
810 3635 953 3714 Lemnia,
972 3636 1046 3700 satis
1059 3641 1224 3700 notaaunt.
1247 3636 1340 3701 Pind.

325 3755 378 3840 Py.
401 3755 451 3818 IV
474 3757 538 3828 448
562 3758 702 3834 Λαμνιᾶν
721 3751 748 3819 τ’
768 3753 837 3820 ἔθνει
855 3761 997 3832 γυναικῶν
1014 3754 1196 3839 ἀνδροφόνων.
1222 3753 1339 3818 Herod.

327 3873 375 3938 VI
416 3877 478 3938 138
516 3873 680 3950 νενόμισται
713 3873 772 3938 clad
804 3875 856 3949 τὴν
886 3873 1021 3942 Ἑλλάδα
1046 3875 1088 3940 rel
1110 3873 1240 3955 σχέτλια
1261 3872 1341 3954 ἔργα

323 3989 430 4056 πάντα
457 3992 578 4070 Λήμνια
600 3991 764 4060 καλέεσθαι.

367 4113 440 4174 632.
487 4110 615 4186 δήποθεν.
652 4111 687 4177 Μ
709 4113 742 4186 δὴ
763 4111 857 4187 rodel,
879 4113 907 4176 G
923 4113 994 4177 etR
1013 4112 1109 4189 δήποθ’
1128 4117 1158 4176 et
1170 4135 1194 4176 ει
1206 4111 1339 4197 conjun-

322 4234 400 4316 gunt
426 4251 494 4294 cum
518 4236 664 4316 sequente
687 4231 841 4296 vocabulo.
887 4231 1047 4297 Turnebus
1071 4231 1214 4309 δήπουθεν.
1248 4229 1340 4298 Wel-
