2972 4974
356 458 419 522 160
761 475 958 520 6616661616.

399 661 471 723 667.
517 653 582 724 εἶεν.
627 657 800 745 Spondeum
817 679 882 724 esse
897 656 1035 724 observat
1051 659 1247 736 Dindorfius‚
1267 658 1356 723 idem·
1477 701 1478 736 ι

352 797 411 860 que
433 775 512 862 apud
536 774 771 863 Aristophanem
795 778 876 855 fieri,
906 777 976 842 Pac.
1000 781 1082 854 666,
1113 777 1167 843 ubi
1188 781 1286 842 tamen
1309 775 1356 840 alii
1477 771 1478 834 l

353 894 461 981 legunt
483 890 538 958 εἷεν
561 897 593 973 γ’
615 895 717 962 ἀκούω.

398 1015 471 1078 657.
517 1011 608 1076 πόθει.
654 1013 758 1078 Possit
789 1013 883 1078 uideri
915 1012 962 1077 bis
985 1013 1066 1078 idem
1092 1034 1214 1100 rogare,
1237 1011 1360 1084 πιδιιιτός

356 1135 387 1195 et
409 1129 511 1196 ndtru:
542 1151 646 1196 verum
678 1131 827 1216 posterius
858 1131 948 1196 credo
971 1132 1123 1217 signione
1145 1131 1263 1208 locum,
1286 1130 1362 1195 uude
1477 1127 1478 1206 l

1477 971 1478 1020 l

1477 1051 1478 1090 ι

353 1270 436 1315 6666
460 1269 528 1314 eum
551 1251 681 1314 maxime
703 1249 829 1316 veniret.

399 1370 473 1433 66].
518 1364 584 1448 ὥρα.
629 1368 682 1432 Sic
703 1367 741 1432 R.
786 1367 826 1432 In
851 1367 938 1432 Met
961 1365 1087 1448 Gd'par.

400 1488 473 1548 664.
517 1483 700 1568 τελεσφόρος.
737 1484 923 1550 Klausenius
940 1507 1009 1550 cum
1024 1483 1161 1561 ἐξελθέτω
1178 1485 1246 1570 conj
1252 1506 1362 1569 ungen-
1477 1465 1478 1522 l

356 1603 425 1668 dum
450 1608 556 1691 putat:
580 1610 681 1682 exeat,
705 1608 810 1670 utres
833 1626 916 1669 nunc
939 1603 1070 1692 agendas
1094 1625 1209 1668 mecum
1234 1605 1363 1688 peragat.
1477 1579 1478 1600 ³

355 1723 465 1807 Neque
493 1724 526 1787 id
556 1723 651 1788 male:
690 1723 779 1788 credo
802 1728 902 1788 tamen
931 1745 1000 1787 cum
1022 1722 1095 1799 aaut
1120 1721 1363 1810 conjungendum

355 1864 435 1918 esse,
465 1847 497 1907 et
524 1843 628 1927 quaeri
655 1841 810 1908 mulierem
834 1843 986 1908 dominam
1008 1841 1192 1925 eandemque
1212 1842 1365 1928 reginam:

355 1963 439 2050 prius
462 1968 508 2028 est
529 1963 721 2048 τελεσφόρος,
743 1963 894 2050 posterius
915 1961 1076 2043 τόπαρχος.

400 2086 474 2146 664.
518 2080 677 2163 τόπαρχος.
723 2082 777 2146 Sic
800 2082 838 2147 G.
882 2083 921 2145 In
950 2081 984 2146 M
1006 2103 1182 2160 τιιιιιιρχος,
1214 2077 1368 2164 scriptoc'

357 2221 447 2287 supra
463 2201 547 2287 prius
562 2224 593 2266 ιι.
625 2189 833 2281 Βτῖιπιιρχος.
867 2198 1259 2280 Η66166666666ἑγιιρχ66,
1275 2220 1366 2262 66666
1477 2179 1478 2262 .

355 2343 417 2384 666
441 2317 528 2385 malo.
571 2318 748 2403 Aliquando
779 2320 912 2407 cogitavi
945 2320 982 2383 de
1009 2318 1160 2398 τόπαρχιι
1182 2316 1286 2398 ἄνδρα,
1313 2340 1368 2382 ve·
1477 2401 1478 2408 ἵ

354 2459 421 2504 6661
452 2459 536 2503 6666
565 2437 597 2502 id
628 2460 690 2503 non
712 2438 816 2525 probo.
861 2437 1002 2502 Ceterum
1025 2438 1165 2516 attende,
1188 2438 1273 2523 prius
1296 2458 1368 2522 pos·

355 2556 468 2622 tulasse
490 2557 628 2622 Orestem
662 2561 698 2622 ut
732 2556 841 2621 mulier
869 2557 1021 2644 prodiret,
1053 2561 1118 2621 tum
1155 2578 1224 2621 vero
1258 2559 1370 2619 eontra
1477 2609 1478 2652 ἶ

355 2676 554 2742 maluissent
576 2677 677 2742 virum
702 2676 870 2741 venientem
895 2674 1019 2740 videret.
1065 2674 1188 2762 Quippe
1214 2675 1369 2739 constitu-
1477 2669 1478 2678 ’

354 2801 417 2861 erat
435 2797 521 2883 prius
537 2793 720 2882 Aegisthum
737 2796 923 2862 interficere:
948 2796 1017 2861 vide
1033 2799 1114 2861 575:
1137 2794 1174 2859 ad
1197 2793 1285 2858 hauc'
1298 2816 1371 2858 eae

355 2917 421 2981 dem
444 2937 567 3002 prorsus
585 2918 708 3002 paratus
727 2920 798 2980 crat.
833 2914 880 2980 Of.
904 2937 979 2999 quae
1000 2914 1211 2979 annotabimus
1230 2914 1266 2978 ad
1289 2915 1370 2980 9⁷3.

400 3039 474 3098 664.
519 3032 553 3099 δ’.
578 3034 672 3098 Turn.
718 3035 756 3098 In
779 3033 866 3099 libris
888 3037 926 3100 τ’.

400 3157 473 3218 665.
518 3156 575 3218 οὐκ.
621 3152 790 3218 Scholiasta
812 3153 870 3217 hoc
893 3153 1066 3218 adverbium
1095 3151 1245 3217 abundare
1268 3153 1371 3218 dicit:
1477 3185 1478 3196 ι

356 3274 535 3339 Dindorfius
559 3273 595 3338 de
611 3271 777 3338 Wellaueri
802 3273 975 3357 conjectura
999 3272 1046 3338 vel
1062 3271 1167 3336 Bothii
1192 3272 1275 3337 dedit
1297 3268 1372 3338 6ὗέ.
1477 3341 1478 3344 ¹

355 3393 413 3458 Sed
433 3379 514 3457 recte
532 3391 715 3479 explicatum
734 3398 780 3456 est
800 3415 816 3456 a
836 3391 986 3476 Stanlejo,
1008 3397 1090 3468 tum,
1113 3414 1205 3477 quum
1226 3393 1271 3456 vir
1294 3414 1372 3458 cum

354 3512 420 3577 viro
444 3510 650 3595 colloquatur,
680 3533 742 3574 nou
773 3510 877 3576 obesse
900 3511 1043 3597 pudorem
1068 3511 1277 3597 perspicuitati
1302 3533 1373 3575 ser·
1477 3533 1478 3544 ¹

353 3631 460 3696 monis.

398 3753 471 3814 670.
517 3749 591 3813 Ν66
620 3753 730 3812 temere
760 3748 833 3813 haec
864 3747 1036 3813 balnearum
1064 3749 1214 3832 ceterique
1236 3746 1371 3834 hospitii

354 3869 484 3955 benigna
514 3869 612 3932 oratio
642 3867 790 3932 tribuitur
819 3867 1092 3952 Clytaemestrae,
1123 3869 1175 3933 sed
1201 3873 1374 3934 renovatur

352 3989 495 4052 memoria
526 3987 685 4056 simulatae
715 3987 846 4074 gratiae,
876 4009 935 4071 qua
956 3989 1212 4074 Agamemnonem
1240 4009 1373 4072 6616666-
1477 4015 1478 4020 ’

353 4111 415 4172 rat:
439 4108 546 4171 merito
569 4129 603 4171 ea
626 4105 752 4192 hospitii
776 4105 920 4171 beneficia
942 4105 1131 4193 appellantur
1153 4105 1260 4183 δόμοισι
1275 4107 1373 4172 τοῖσδ’
1477 4097 1478 4122 ’

351 4226 507 4295 incaedua:
531 4229 695 4312 eodemque
717 4227 841 4315 respicit
863 4248 934 4292 mox
959 4227 1178 4295 0666666703.
