2972 4974
269 501 331 564 loa
656 521 856 566 nuaoaa'rlo.

267 703 411 766 exsistas:
435 705 499 768 588
522 705 701 770 ἐποπτεῦσαι
724 702 891 784 autumo,
916 707 950 768 ut
973 703 1053 770 adsit
1077 709 1107 768 ot
1126 701 1281 790 provehat.

268 821 349 908 llrgo
374 821 400 886 h.
424 822 458 886 l.:
490 822 568 888 solas
599 828 630 886 te
649 822 789 906 junxisse
813 822 930 910 pullam
954 823 1014 887 cari
1038 821 1096 886 tibi
1119 824 1281 907 Agamem-

264 941 354 1005 nonis
378 939 522 1006 malornm
547 942 670 1020 currui,
692 964 795 1008 vetum
820 941 983 1028 aliquando
1006 943 1168 1008 terminum
1194 964 1281 1029 pone.

310 1063 382 1126 795.
428 1055 547 1142 ἅρματι.
595 1057 788 1126 Hermannus
811 1057 954 1142 ἅρμασιν,
980 1061 1105 1127 fortasse
1130 1083 1204 1124 vere.
1240 1060 1280 1124 lu

265 1177 381 1243 scholio
410 1177 549 1244 Mediaeo
572 1183 618 1244 ost
641 1176 761 1261 ἅρμασι.

311 1303 385 1365 797.
429 1297 474 1370 τὶς
497 1296 542 1362 ἂν.
586 1299 636 1362 Ita
663 1297 853 1364 scribendum
877 1298 942 1384 ipse
964 1298 1070 1384 putavi
1093 1319 1147 1385 pro
1169 1298 1214 1369 τίς
1236 1295 1281 1362 ἂν.
1365 1339 1368 1350 ·

266 1416 340 1482 Mox
367 1439 408 1482 vs.
427 1420 490 1483 799
513 1415 601 1482 multi
626 1416 785 1484 ediderunt
808 1417 971 1496 πνμοὶπων,
989 1417 1071 1502 quod
1087 1415 1280 1482 habetsoho-

264 1534 370 1602 liasta:
402 1557 503 1600 verum
527 1534 673 1613 βημάτων
696 1541 742 1600 est
765 1537 797 1600 in
821 1535 856 1600 M
879 1541 909 1601 ot
932 1537 976 1602 G:
1000 1536 1033 1600 in
1057 1535 1086 1598 R
1108 1533 1277 1614 κτημάτων.

312 1657 384 1719 797.
430 1651 595 1734 Σωζόμενον
624 1658 670 1720 ast
697 1655 809 1720 formae
834 1653 961 1731 mediae,
987 1655 1102 1720 activae
1126 1653 1279 1740 signifiea-

263 1773 373 1850 tionis,
400 1777 431 1838 et
449 1772 638 1859 jungendum
664 1795 732 1838 oum
759 1771 895 1842 δαπεδονε
918 1773 1020 1855 ῥυθμὸν
1043 1773 1160 1860 regitur
1183 1795 1199 1836 a
1222 1796 1278 1836 σω-

264 1889 395 1971 ζόμενον
426 1890 546 1956 δάπεδον
578 1890 615 1956 ab
638 1891 712 1957 ἰδεῖν.
759 1893 952 1958 infinitivum
977 1892 1044 1957 ἰδεῖν
1065 1892 1174 1978 partim
1201 1889 1277 1957 bene

263 2009 385 2074 videtur
415 2009 565 2095 explicare
588 2008 769 2076 scholiasta:
792 2009 886 2076 λείπει
910 2009 942 2074 τὸ
965 2007 1056 2088 ὅπως,
1078 2010 1128 2076 καὶ
1154 2009 1187 2075 πὸ
1210 2009 1277 2075 ἰδεῖν

259 2128 324 2194 daal
358 2134 409 2196 τοῦ
444 2126 512 2205 ἴδον,
547 2131 560 2194 ὂ
595 2129 624 2194 δὲ
657 2134 736 2207 νοῦς,
774 2127 850 2202 ὅπως
884 2128 921 2194 ἔον
954 2154 999 2202 aas
1032 2135 1117 2194 τοῦτο
1151 2125 1204 2193 ἴδον
1228 2166 1278 2191 -.

262 2249 334 2314 Hoo
357 2247 474 2314 soilioat
497 2253 592 2327 neoto,
612 2249 694 2334 quod
723 2249 912 2314 existimavit
933 2247 980 2322 τὶς
1003 2272 1067 2314 esse
1089 2247 1277 2314 indefinitam

262 2389 435 2455 personam,
467 2371 497 2431 et
527 2367 712 2432 infinitivum
745 2367 811 2432 ἰδεῖν
840 2366 949 2434 habere
971 2368 1100 2454 optativi
1125 2367 1277 2453 signifian-

262 2487 392 2551 tiouem:
419 2486 558 2552 similiter
585 2485 674 2552 Hom.
698 2485 756 2551 Od.
782 2486 813 2552 H
838 2490 899 2552 311
927 2485 959 2552 al
982 2486 1041 2568 γὰρ
1066 2525 1107 2534 -—
1132 2493 1205 2558 ποῖος
1229 2486 1278 2552 ἐὼν

263 2599 317 2678 οἶός
340 2607 401 2672 εὀον
429 2643 465 2656 -
490 2605 589 2671 παῖδα
617 2603 644 2671 π’
668 2607 739 2685 ε’μὶνν
763 2605 873 2687 ἔχεμεν
894 2606 944 2672 καὶ
969 2607 1037 2685 ἐμὸς
1060 2605 1199 2685 γαμβρὸς
1221 2629 1276 2670 κα·

261 2724 396 2790 abactae:
419 2726 538 2790 utinam
561 2747 655 2790 meam
680 2724 773 2789 filiam
795 2723 918 2791 haberes
946 2747 1089 2810 meusque
1111 2746 1205 2811 gener
1227 2747 1277 2810 ap-

263 2843 434 2930 pellareris:
466 2850 495 2908 et
527 2843 585 2910 Od.
612 2853 646 2908 Ω
672 2847 745 2910 379.
792 2845 923 2910 Persona
946 2845 1106 2910 indefinita
1128 2842 1188 2908 hoo
1211 2843 1279 2908 loeo

264 2963 418 3049 significat
442 2964 599 3028 Orestem:
631 2964 709 3028 eous.
736 2967 797 3042 59,
820 2963 873 3028 ubi
896 2963 989 3029 simili
1014 2964 1102 3030 modo
1126 2963 1279 3048 Clytaem-

264 3086 364 3146 nestra
397 3082 596 3168 significatur.
638 3082 782 3163 ’Όοενμα
812 3087 859 3148 est
889 3084 1039 3171 appositio
1066 3081 1205 3146 vocabuli
1228 3081 1279 3148 aa

265 3201 368 3267 πεὸοντ
399 3199 525 3280 οὶνόμενα
547 3200 693 3280 βήματα,
716 3202 828 3288 gradus
850 3203 902 3286 qui
926 3203 1143 3289 perficiuntur,
1165 3202 1218 3287 qui
1241 3199 1280 3265 ad

263 3325 403 3384 eventum
435 3342 470 3384 ao
499 3321 660 3385 terminum
689 3326 840 3407 pergunt:
877 3343 948 3408 ergo
971 3320 1113 3400 ἀνομένων
1135 3320 1280 3399 βημάτων

262 3437 376 3520 ὄρεγμα
397 3443 444 3503 est
467 3437 610 3504 ultimum
629 3438 779 3525 graduum
801 3440 997 3526 propositum.
1044 3439 1171 3504 Utinam
1187 3439 1280 3504 Ores·

262 3563 308 3622 les
332 3556 389 3622 hoa
413 3556 527 3634 solum,
550 3558 630 3642 quod
655 3559 805 3646 gradienti
826 3563 889 3624 erat
909 3559 1048 3624 ultimum
1073 3559 1277 3646 propositum,

263 3675 364 3740 videat
388 3697 505 3741 servare
528 3675 650 3741 modum
670 3676 825 3742 malorum.
860 3677 1057 3742 Conveniunt
1083 3699 1185 3764 preces
1207 3698 1278 3742 aum

263 3795 317 3872 iis,
340 3815 416 3878 quae
441 3817 510 3860 mox
534 3799 702 3880 sequautur
726 3797 911 3861 aaa-806.

308 3915 380 3978 801.
427 3914 623 3991 πλουτογαθῆ.
670 3913 845 3980 Turnebus:
869 3919 899 3978 et
921 3914 966 3978 sio
989 3914 1078 3978 etiam
1104 3913 1135 3978 in
1158 3913 1194 3977 M
1214 3936 1279 3978 esse

261 4031 358 4096 videri
394 4031 471 4096 dicit
506 4031 719 4098 Hermannus:
757 4032 791 4096 in
826 4032 854 4096 G
891 4037 921 4097 et
956 4031 1035 4118 apud
1066 4028 1278 4097 Robortollum

262 4152 468 4228 πλονπαγαθῆ.

308 4272 382 4336 802.
428 4269 543 4336 κλύετε.
591 4268 687 4336 Libri.
734 4269 798 4348 Alii
822 4274 932 4338 κλῦπεε
956 4270 1084 4336 fortasse
1107 4268 1222 4336 melius.
