2974 4982
523 467 722 514 remordero.
1089 451 1129 514 97

131 652 164 716 δὲ.
209 653 295 718 Conf.
318 657 417 718 tamen
442 650 534 742 Soph.
554 650 686 718 Philoct.
711 653 796 715 1028
820 650 903 730 μΔνιν
926 650 980 714 dael
1003 650 1131 732 σώζιιεν,

131 775 157 834 et
177 771 279 857 Eurip.
310 769 376 858 Iph.
406 771 438 834 in
471 771 560 834 laur.
591 771 676 834 1044
707 767 796 849 σώζου
826 767 929 848 μόνοις
963 791 1040 855 quae
1062 767 1131 834 loca

132 890 257 955 contulit
279 887 475 954 Abreschius.

170 1013 240 1100 ase.
284 1032 341 1088 ρινι.
375 1007 527 1093 Stanlejus
551 1007 657 1084 suadet
679 1030 736 1084 σοι,
759 1011 881 1095 propter
905 1010 977 1074 237.

170 1131 240 1194 247.
286 1124 365 1192 εὖνιν.
410 1127 592 1192 Emendavit
624 1125 803 1192 Turnebus:
837 1128 870 1190 io
902 1126 947 1190 M·
969 1127 1051 1190 eto
1079 1151 1135 1204 νιν,

132 1249 249 1312 contusa
273 1247 362 1310 etium
386 1245 587 1314 distinctione
611 1245 786 1310 verborum:
810 1244 890 1332 apud
913 1246 942 1310 R
965 1250 1022 1311 νῦν.

172 1341 241 1430 251,
287 1365 371 1447 θήριιν
394 1364 538 1448 ιιννιρῴιιν.
583 1365 622 1428 Iu
655 1363 689 1428 M
719 1365 788 1445 θῆραι
812 1363 951 1445 corpedo,
972 1363 1135 1458 nec-valde

132 1481 269 1548 dissimile
290 1485 323 1548 in
341 1485 377 1549 G.
412 1482 583 1548 Scholiasta
603 1482 692 1548 habet
708 1483 908 1548 accusativos.
937 1481 1134 1548 Blomfieldus

131 1623 187 1666 uon
208 1604 399 1669 incommode
421 1604 527 1668 suadet
551 1601 701 1685 πατρῴοις.

173 1727 241 1787 252.
288 1723 376 1800 λέγω.
422 1724 461 1787 In
486 1723 519 1786 M
543 1727 572 1786 et
596 1722 625 1787 G
649 1723 714 1798 ἐγὼ.

173 1845 242 1906 254.
288 1840 392 1926 ἄμφω.
441 1841 559 1906 Electra
593 1841 715 1926 quidem
749 1861 812 1904 uon
843 1839 994 1908 meliorem
1028 1839 1135 1906 exsilio

135 1967 236 2024 sortem
260 1960 398 2026 habebat.
768 2045 771 2056 λ
1103 2049 1106 2054 Ι

174 2083 242 2144 255.
289 2079 437 2164 Similiter
467 2079 546 2165 apud
579 2078 746 2144 Homerum
780 2078 910 2164 Chryses
941 2077 1081 2144 sacerdos
1103 2078 1136 2141 in

135 2199 264 2282 precibus
284 2198 457 2286 Apollinem
479 2203 646 2264 commovet
659 2198 941 2265 commemoratione
953 2197 1137 2276 hostiarum,

135 2335 202 2398 quas
224 2320 260 2399 ei
274 2317 478 2382 immolasset:
501 2316 540 2381 Il.
562 2320 591 2381 A
616 2319 667 2382 40.

175 2440 244 2501 257.
289 2435 390 2516 ὁμοίως
412 2436 517 2518 χειρὸς.
558 2440 668 2522 ΙΑωιριιω
698 2435 783 2524 larga
806 2459 913 2502 menos
937 2436 1137 2524 significatur.

136 2551 176 2618 cf.
197 2557 285 2622 Pind.
310 2557 359 2642 Ol.
383 2557 450 2621 VII
472 2561 492 2622 ,1
517 2561 643 2642 ἀφνειᾶς
665 2557 726 2624 ἀπὸ
748 2557 855 2639 χειρός.

175 2679 245 2744 257.
291 2677 417 2744 adderam.
463 2675 652 2764 Agnoscitur
683 2678 772 2742 etiam
804 2677 915 2744 εὔθυνον
945 2679 983 2742 iu.
1011 2677 1043 2742 M
1068 2683 1138 2747 eta

135 2791 299 2865 scholiasta.

174 2916 247 2980 258.
292 2914 448 2980 Pertinere
477 2892 552 2980 haec
583 2913 620 2977 de
651 2913 753 2998 aquila
786 2919 816 2978 et
841 2914 878 2988 de
901 2915 997 3001 signis
1021 2935 1139 3002 compa-

131 3032 215 3119 ratiol
236 3057 271 3115 eo
302 3035 437 3114 videtur,
468 3037 520 3110 ut,
551 3033 702 3119 quomodo
725 3034 843 3118 aquilae
865 3033 948 3121 prole
970 3035 1138 3110 exstincta,

131 3151 229 3236 regiae
261 3154 362 3218 avium
392 3156 422 3216 et
453 3152 525 3218 Jovi
556 3152 775 3231 ministrantis,
804 3153 890 3237 quasi
913 3152 1071 3218 exstincta
1092 3153 1139 3218 so-

135 3273 178 3334 ret
209 3271 281 3336 fides
303 3245 455 3347 ominum,
486 3273 531 3335 sie
555 3270 638 3358 prole
660 3272 739 3360 regis
762 3272 955 3356 ejusdemque
977 3272 1011 3336 in
1033 3270 1139 3358 primis

141 3387 257 3456 cultoris
295 3392 384 3464 Jovis
406 3390 534 3478 'perdita
563 3393 677 3480 ¹periret
712 3414 801 3458 causa
835 3392 938 3465 cultus
972 3397 1002 3456 et
1035 3392 1139 3459 adore·

140 3506 233 3576 tionis.
656 3569 659 3576 .
1091 3573 1092 3576 ,

174 3633 249 3696 261.
275 3699 277 3702 .
293 3632 405 3711 βωμοῖς
416 3629 523 3711 ἀρήξει.
548 3629 709 3718 Comparet
724 3629 878 3716 Stanlejus
893 3631 974 3718 Sept
989 3654 1014 3696 c.
1028 3629 1085 3696 dh.
1099 3635 1142 3696 14

209 3821 211 3826 ,
308 3749 390 3816 πόλει
413 3748 440 3819 ν’
462 3751 581 3831 ἀρήγειν
600 3749 652 3838 vuol
677 3735 750 3814 θεῶν
765 3747 912 3831 ἐγχωρίων
1045 3827 1049 3836 ¹

308 3869 448 3950 βωμοῖσι,
469 3868 561 3948 Ὶτιριιὶς
584 3870 626 3948 μὴ
649 3865 852 3950 ’ξιιλριφθῆνιιι
873 3867 953 3934 arrd.
1084 3929 1086 3936 .

144 3975 244 4052 Verum
268 3988 313 4054 ibi
336 3989 368 4052 id
398 3989 545 4054 auxilium
574 4010 636 4052 non
658 3989 691 4052 in
716 3987 803 4062 donis
827 3986 960 4052 ferendis
984 3986 1143 4065 consistit,

143 4099 217 4168 velut
238 4105 267 4170 h.
285 4106 319 4184 l.,
349 4106 400 4172 sed
424 4107 457 4170 in
480 4106 609 4172 arcendo
631 4107 776 4190 interitu,
801 4127 889 4190 quem
913 4102 1016 4170 hostes
1046 4106 1142 4172 mirra·

145 4210 252 4290 bantur.

1005 4343 1021 4404 l
