2956 4974
340 477 381 536 48
627 497 891 544 rurruuuerurro
923 501 1055 546 tamur.

386 677 454 740 Cho.
499 675 654 744 Veneraua
683 680 742 746 tibi
770 687 805 747 ut
831 705 910 748 aram
939 685 1033 770 patria
1057 685 1209 751 tumulum
1234 687 1356 762 dicam,

335 793 424 879 jubes
447 795 544 875 enim,
569 799 678 862 mentis
701 802 889 868 seutentiam.

385 913 436 978 Idi.
505 914 619 993 Dicas,
649 919 899 1003 quemadmodum
933 922 1029 1008 patria
1065 921 1239 1009 sepulerum
1261 943 1357 988 vene

339 1034 405 1096 ruta
427 1052 467 1096 es.

388 1151 456 1215 Cdo.
501 1151 615 1217 Libana
639 1152 761 1238 loquere
783 1161 888 1221 saneta
911 1156 1072 1222 benevolis.

263 1279 326 1342 110
383 1269 435 1334 Et.
503 1271 544 1334 Et
566 1293 642 1356 quos
664 1271 735 1338 illos
758 1275 922 1340 aurioorum
946 1276 1125 1363 appellabo?

387 1389 455 1455 oto.
501 1389 637 1455 Primum
659 1391 783 1476 quidem
801 1398 833 1458 te
851 1394 962 1481 ipsam,
982 1400 1013 1460 et
1033 1395 1147 1482 siquis
1168 1395 1356 1484 Aegisthum

339 1506 413 1571 odit.

384 1627 435 1690 Ed.
504 1625 624 1692 Mihine
646 1649 718 1714 ergo
741 1651 776 1694 ao
799 1631 856 1695 tibi
880 1627 954 1696 haee
977 1631 1144 1718 precabor?

388 1745 456 1809 Cdo.
502 1745 574 1831 Ipsa
595 1750 631 1810 tu
653 1745 727 1812 haee
745 1747 807 1833 jam
833 1751 957 1835 cognita
981 1750 1072 1816 dieas.

385 1863 437 1928 Ei.
505 1863 547 1929 ut
569 1885 655 1948 quem
680 1866 772 1930 alium
796 1871 948 1953 praeterea
970 1865 1044 1934 huie
1066 1869 1145 1956 parti
1167 1868 1356 1955 adjungam?

388 1983 456 2047 oto.
502 1981 656 2048 Memento
680 1983 822 2060 Orestae,
845 1987 887 2050 sit
910 1985 984 2050 lieet
1007 1987 1102 2051 exsui.

385 2101 438 2167 Εἰ.
505 2101 597 2167 Istud
619 2101 714 2180 bene,
737 2125 793 2167 neo
815 2125 922 2190 parum
944 2126 993 2168 rue
1014 2113 1097 2170 reeta
1119 2106 1275 2170 monuisti.

389 2223 457 2286 Cdo.
503 2222 650 2286 Soutibua
671 2243 771 2301 nuno,
793 2223 953 2288 recordans
977 2223 1098 2289 eaedem
1124 2262 1167 2275 -

385 2339 437 2406 E'L
505 2340 590 2413 Quid
614 2341 731 2405 diuam?
757 2341 831 2406 dooe
854 2343 1026 2428 imperitam
1050 2347 1080 2407 et
1102 2364 1228 2428 expone.

388 2459 455 2524 Oleo.
503 2459 562 2524 His
591 2465 627 2524 ut
658 2461 760 2524 veniat·
784 2458 894 2543 aliquis
919 2460 1003 2525 Deua
1025 2460 1072 2525 vel
1096 2459 1270 2526 mortalium
1295 2460 1355 2524 eli·
1463 2463 1464 2490 ¹

361 2599 417 2643 urs.

265 2600 360 2768 120q
386 2695 437 2760 El.
507 2695 621 2760 Utrum
640 2695 776 2780 judicem
799 2719 837 2761 au
861 2697 1031 2783 punitorem
1057 2696 1154 2763 diois?

389 2813 458 2878 oto.
503 2815 690 2900 Simpliciter
713 2815 833 2891 dicens,
855 2817 909 2900 qui
933 2839 984 2880 eoa
1006 2816 1139 2880 invicem
1161 2813 1306 2880 trucidet.

387 2933 438 2996 ul.
507 2933 591 2998 Num
623 2956 692 2999 vero
714 2931 769 2998 has
791 2957 871 2998 meas
895 2956 999 3021 preoes
1023 2934 1077 3000 Dii
1102 2935 1167 3021 pias
1186 2955 1251 3000 esse
1269 2933 1357 3017 judi·

343 3051 477 3118 dabunt?

391 3171 460 3234 Cdo.
507 3170 569 3235 Gur
592 3172 678 3236 noni
704 3171 874 3236 adversario
897 3171 1059 3258 rependere
1083 3171 1181 3237 maia?

389 3289 441 3354 m.
508 3289 629 3354 Nuntio
658 3291 787 3355 maxime
815 3311 992 3376 superorum
1014 3295 1044 3355 et
1066 3289 1244 3367 inferorum,
1268 3289 1356 3374 adju-

345 3430 398 3487 va,
428 3406 579 3485 Mercuri,
610 3407 663 3492 qui
691 3431 792 3494 praees
822 3409 944 3488 inseris,
968 3408 1150 3494 compellans
1174 3407 1249 3472 mihi
1273 3407 1356 3472 Deos

345 3527 398 3614 qui
429 3528 486 3593 sub
518 3533 597 3592 terra
629 3533 718 3604 suut,
749 3533 784 3592 ut
814 3550 895 3594 meas
927 3550 1029 3615 praees
1053 3529 1192 3606 audiant,
1214 3531 1357 3613 paternae

346 3649 452 3713 domus
476 3646 631 3724 custodes,
655 3652 685 3711 et
709 3647 832 3712 Terram
855 3649 968 3734 ipsam,
987 3670 1064 3734 quae
1082 3648 1187 3734 gignit
1204 3647 1307 3711 omnia
1326 3652 1358 3712 et

269 3767 333 3830 130
345 3767 401 3831 alit
423 3771 453 3830 at
474 3787 581 3831 rursus
604 3766 717 3830 flumen
740 3787 841 3831 eorum
868 3767 998 3852 aooipit:
1025 3772 1115 3851 atque
1137 3787 1193 3852 ego
1215 3763 1294 3830 hano
1319 3765 1358 3829 li-

346 3885 499 3951 bationem
526 3884 657 3948 fundens
691 3886 817 3949 mortuis
849 3886 1017 3963 vociferor,
1049 3883 1202 3971 appellans
1225 3887 1358 3970 patrem,

347 4004 485 4069 miserere
507 4004 565 4068 mei
588 4008 619 4067 et
639 4004 701 4068 ceri
721 4004 862 4081 Orestae,
883 4009 918 4068 ut
936 4005 1116 4090 imperemus
1137 4002 1251 4066 domui.
1276 4002 1357 4066 Nam

347 4145 430 4188 nuno
459 4123 547 4208 quasi
579 4123 746 4187 venundati
779 4144 923 4210 vagamur
947 4127 1098 4198 amatre,
1121 4122 1280 4205 virumque
1303 4141 1357 4206 pro
1463 4121 1464 4124 ’

348 4247 380 4308 to
406 4243 523 4328 accepit
549 4239 748 4326 Aegisthum,
771 4243 824 4326 qui
847 4249 918 4306 tuae
941 4241 1040 4306 caedis
1064 4239 1205 4304 conscius
1229 4244 1283 4303 eat.
1318 4238 1359 4302 m
