2956 4974
18 4314 27 4447 i

474 1349 898 1434 ΑΝΝΟΤΑΤΙΟ.

645 1675 739 1699 ’θϋ

220 1945 311 2012 Usus
333 1969 398 2012 snm
423 1946 557 2012 editione
581 1947 720 2022 Crateri,
743 1947 1053 2033 Antverpiae1580:

220 2066 451 2130 Commentario
481 2065 626 2150 Stanleji,
656 2065 740 2130 edito
769 2085 787 2128 a
817 2064 960 2143 Butlero,
986 2067 1075 2131 Halis
1098 2067 1194 2132 Saxo·

171 2186 380 2250 num1832:

223 2301 549 2368 Animadversionibns
568 2301 747 2380 Abresehii,
766 2304 857 2369 editis
877 2303 913 2369 ab
933 2305 1050 2382 eodem,
1065 2305 1194 2370 ibidem:

224 2419 374 2485 Editione
395 2425 426 2484 et
450 2423 666 2484 commentario
689 2419 863 2500 Schuetnii,
886 2422 1022 2486 Londini
1047 2426 1147 2488 1823:

224 2537 374 2602 Editione
396 2539 539 2623 notisque
561 2538 742 2616 Wellaueri,
767 2539 888 2626 Lipsiae
913 2544 1016 2606 1824:

227 2656 376 2721 Editione
397 2660 427 2720 et
449 2657 531 2720 notis
552 2655 743 2732 Blomfieldi,
764 2657 888 2744 Lipsiae
911 2663 1012 2723 1824:

227 2774 374 2838 Editione
397 2773 559 2860 Weigelii,
583 2774 705 2860 Lipsiae
726 2778 830 2852 1827:

228 2893 376 2958 diditione
397 2898 428 2957 et
452 2894 666 2958 commentario
690 2893 866 2973 Klansenii,
888 2894 1130 2960 Gothae1835:

229 3010 377 3075 Editione
398 3015 429 3075 et
452 3013 649 3076 annotatione
673 3012 843 3092 Dindorfii,
869 3014 985 3078 Oxonii
1007 3017 1109 3078 1851:

233 3128 379 3196 Editione
402 3130 437 3195 Ε.
461 3135 498 3196 A„
521 3131 551 3194 J.
575 3130 735 3208 Ahrensii,
759 3131 885 3197 Parisiis
909 3137 1006 3197 1852:

233 3250 422 3316 Recensione
443 3255 474 3316 et
492 3250 742 3315 annotationibus
764 3249 949 3328 Hermanni,
964 3251 1086 3338 Lipsiae
1099 3253 1200 3316 1852:

235 3368 367 3435 Scholiis
389 3369 557 3435 seeundum
580 3368 742 3433 editionem
769 3370 932 3434 Dindorfii.

235 3487 320 3558 Quae
342 3491 509 3573 praeterea,
532 3487 580 3552 vel
601 3488 636 3551 de
655 3487 742 3552 libris
761 3489 993 3574 manuscriptis,
1010 3487 1057 3552 vel
1074 3489 1110 3552 de
1125 3487 1200 3552 elio·

186 3627 257 3671 rum
282 3607 441 3671 sententiis
465 3608 642 3682 memoravi,
661 3629 698 3670 ex
719 3605 824 3671 horum
843 3629 877 3670 ea
895 3609 991 3694 petivi
1008 3607 1204 3672 testimoniis.

187 3727 231 3790 In
263 3724 463 3811 significanda
495 3725 641 3790 librorum
668 3726 818 3811 scriptura
842 3724 1006 3812 plurimum
1035 3726 1202 3790 Hermanni

187 3846 366 3910 testimonio
390 3843 587 3909 tribuendum
611 3845 724 3909 censui.
770 3844 944 3930 Scripturae
966 3845 1206 3921 emendationes,

192 3986 271 4048 qnae
290 3964 338 4028 vel
359 3963 433 4028 satis
453 3970 551 4028 certae
571 3962 618 4028 vel
633 3963 739 4028 saltem
755 3963 924 4048 prohabiles
936 3963 1012 4028 mihi
1025 3965 1104 4028 visae
1116 3970 1205 4041 sunt,

191 4085 237 4145 ita
258 4083 375 4167 recepi,
404 4087 440 4146 ot
466 4105 527 4146 non
552 4103 666 4168 semper
690 4088 848 4146 anotornm
872 4083 996 4146 nomina
1019 4080 1203 4146 addiderim:

190 4201 220 4266 si
243 4221 302 4287 qna
326 4223 395 4268 vero
418 4203 483 4290 ipse
504 4203 658 4270 emendare
678 4209 805 4270 conatus
825 4221 909 4277 sum,
929 4223 1007 4296 qnae
1026 4223 1085 4265 non
1108 4200 1203 4276 multa
