2972 4974
334 462 396 522 118
741 475 940 524 annonario.

376 661 451 726 410.
496 660 579 726 Satis
612 660 710 730 oratio
746 660 852 737 docet,
894 663 1031 746 repetens
1074 659 1218 724 commoti
1251 659 1354 724 animi
1469 628 1470 690 l

333 777 606 865 significationem,
628 801 718 865 quam
746 777 836 844 habet
865 801 910 843 vs.
934 781 1019 855 391,
1041 799 1108 844 esse
1131 774 1204 842 hacc
1226 799 1355 863 quoqne

332 895 440 962 chori.

378 1017 451 1080 410.
497 1013 664 1080 σέσσλτκν.
711 1015 745 1078 Μ
769 1029 946 1092 cavarocca,
976 1037 1006 1078 aa
1030 1013 1184 1100 adscripto
1210 1036 1306 1101 supra
1330 1041 1355 1080 ε.

378 1137 452 1200 all.
497 1133 651 1201 κλύουσαν.
698 1134 770 1200 Non
792 1156 856 1199 rara
876 1140 923 1200 est
942 1132 1015 1198 haec
1027 1155 1152 1198 casuum
1164 1134 1314 1212 mutatio,
1328 1133 1356 1198 si

332 1252 507 1320 infinitivus
537 1251 677 1330 additur,
710 1251 796 1318 velut
827 1251 907 1340 apud
935 1251 1026 1318 Pind.
1071 1249 1121 1317 Ol.
1144 1253 1162 1317 I
1188 1255 1228 1316 15
1252 1257 1357 1334 σοφῶν
1469 1349 1470 1352 ¹

332 1368 484 1449 μητίεσσι,
514 1369 647 1436 κελαδεῖν
679 1368 834 1448 ἱκομένους.
882 1369 997 1436 Verum
1028 1367 1087 1433 hoc
1114 1368 1181 1434 loco
1204 1370 1368 1437 audacior.

334 1489 464 1554 mutatio
486 1492 544 1556 eat.

379 1610 452 1674 413.
497 1631 561 1686 μου.
608 1606 787 1678 Dindorlius
810 1609 843 1672 in
870 1608 904 1672 M
924 1608 1001 1674 dicit
1021 1631 1087 1675 esse
1104 1633 1170 1690 μοι,
1196 1608 1355 1674 Herman·

334 1749 392 1790 nus
416 1748 485 1790 voro
508 1727 636 1790 affirmat
659 1748 723 1790 essa
741 1750 812 1805 μου,
836 1727 939 1812 itaque
961 1732 1009 1791 est
1031 1728 1064 1792 in
1087 1727 1254 1814 specimine
1273 1726 1357 1816 apud

336 1845 541 1912 Dindorfinm.

380 1968 456 2030 414·
502 1964 570 2044 Wllt
593 1962 671 2036 ἔπος.
719 1964 815 2028 Recte
845 1963 1046 2030 Blomfieldus
1074 1964 1133 2029 hoc
1158 1987 1227 2030 curn
1252 1980 1357 2030 κελαιν-

336 2087 433 2148 sadran
457 2082 628 2169 conjungit.

383 2204 456 2266 416.
503 2200 597 2282 dread
619 2199 797 2266 σὶσέσσσισεν.
843 2202 894 2266 Ita
916 2201 1086 2268 Turnebus.
1134 2199 1218 2268 Libri
1243 2200 1358 2266 habere
1469 2247 1470 2288 a

338 2321 485 2386 dicuntur
518 2318 622 2401 apaan
655 2317 812 2386 aa'caacsa.
860 2320 973 2384 Tamen
1007 2320 1044 2384 de
1076 2320 1215 2386 Mediceo
1246 2342 1357 2386 rursus

1469 2397 1470 2425 l

337 2439 462 2514 dubito,
485 2443 515 2504 et
531 2440 561 2505 in
579 2439 744 2526 specimine
761 2439 915 2504 Dindorfii
938 2462 1002 2502 esse
1017 2437 1092 2503 mihi
1108 2439 1229 2504 videtur
1251 2439 1359 2520 dpapa'a
1469 2433 1470 2466 r

338 2561 388 2624 πεί
404 2583 479 2624 νσεν.
514 2558 657 2624 Fortasse
674 2556 846 2623 πίσσενσενε
870 2579 938 2622 nam
962 2580 1017 2644 pro
1041 2583 1050 2622 ν
1073 2557 1235 2642 aliqnando
1260 2558 1356 2624 scribi

338 2701 362 2742 εν
385 2675 518 2742 vidimus
541 2698 584 2741 vs.
600 2677 674 2741 406.
721 2675 836 2742 Verum
857 2675 916 2740 hoc
935 2677 1036 2763 ipsum
1059 2675 1141 2741 hunc
1165 2677 1266 2742 locum
1293 2699 1356 2742 non

339 2798 434 2863 sanat.
479 2793 594 2860 Aldina
616 2792 785 2860 πείσσσισεν.
834 2794 986 2872 Mutatio,
1009 2817 1097 2880 quam
1127 2795 1211 2861 dedit
1234 2796 1358 2862 Turne·

339 2914 412 2991 bus,
434 2911 512 2977 hanc
535 2934 657 2997 quoque
681 2913 828 2977 rationem
852 2912 961 2978 habere
982 2917 1100 3000 potest,
1122 2913 1205 2998 quod
1227 2938 1274 2980 vs.
1292 2919 1356 2981 379
1469 2909 1470 2988 ᾗ

339 3033 371 3096 in
404 3030 488 3097 παισὶ
519 3057 537 3096 σ
568 3031 695 3096 maltam
726 3029 816 3096 habet
847 3031 1080 3098 similitudinem
1107 3033 1218 3126 literas¹
1233 3057 1258 3114 ρ.
1308 3033 1357 3099 Ad
1469 3087 1470 3096 ,

338 3149 465 3222 incanta
496 3148 661 3214 scholiasta
694 3148 883 3232 ἲσχνρσσονόν.
929 3151 963 3215 Si
992 3150 1079 3216 locus
1109 3153 1153 3216 ita
1175 3151 1356 3217 retinendas

337 3276 400 3348 est,
422 3273 459 3336 ut
481 3267 637 3348 dedimus,
659 3269 697 3334 ad
715 3269 845 3342 ἕσσλκὲς
864 3269 999 3356 intelligi
1015 3271 1156 3336 existimo
1172 3270 1239 3344 ἔσσς
1256 3271 1354 3348 κλύω,

339 3395 369 3457 et
392 3390 429 3455 ad
451 3386 546 3469 duaa?
567 3387 754 3475 intelligitur
777 3387 968 3469 σπλάγχνοις
1001 3412 1108 3456 sensns
1139 3413 1176 3456 ex
1204 3391 1356 3479 interpre-

338 3509 455 3573 tatione
476 3509 603 3585 Latina‚
625 3529 714 3591 quam
740 3507 895 3583 dedimus,
918 3513 1050 3594 apparet
1085 3507 1274 3584 Klausenins
1301 3511 1355 3574 hos
1469 3567 1470 3576 ,

340 3651 444 3693 versus
468 3630 511 3694 ita
535 3628 717 3692 constituit:

583 3745 653 3812 duaa
675 3746 701 3811 δ’
723 3741 791 3812 αὔτ’
813 3746 931 3821 daunai?
954 3749 982 3810 a'
1004 3747 1072 3830 ὁρᾷ,

543 3941 549 3952 ,
580 3865 649 3947 πρὸς
672 3865 706 3931 τὸ
728 3865 888 3949 φανεῖσθαί
910 3889 959 3944 μοι
982 3871 1080 3939 καλῶς

583 3987 636 4065 ῥεῖ’
658 3985 828 4050 ἀπέστασεν
853 3982 940 4066 ἄχος.

339 4101 372 4166 Si
400 4102 474 4185 quid
505 4101 680 4186 hujusmodi
705 4103 965 4170 confirmationem
989 4104 1134 4190 reperiet,
1157 4105 1285 4168 sortasse
1307 4107 1355 4185 ρ’νῖ
1469 4169 1470 4192 ,

339 4221 445 4290 melius
468 4222 525 4288 erit
547 4243 636 4312 quarn
657 4221 726 4305 ῥεῑέ
745 4246 815 4302 nam
833 4221 1008 4312 Hesychius
1031 4221 1121 4294 habet
1143 4226 1207 4312 ῥσνῖ,
1225 4226 1350 4308 dsiccar,
