<?xml version="1.0" encoding="UTF-8"?>
<!DOCTYPE html PUBLIC "-//W3C//DTD XHTML 1.0 Transitional//EN"
    "http://www.w3.org/TR/xhtml1/DTD/xhtml1-transitional.dtd">
<html xmlns="http://www.w3.org/1999/xhtml" xml:lang="en" lang="en">
 <head>
  <title>
</title>
<meta http-equiv="Content-Type" content="text/html;charset=utf-8" />
  <meta name='ocr-system' content='tesseract 3.04.00' />
  <meta name='ocr-capabilities' content='ocr_page ocr_carea ocr_par ocr_line ocrx_word'/>
</head>
<body>
  <div class='ocr_page' id='page_1' title='image "aeschylichoepho00jonggoog_0079.png"; bbox 0 0 2956 4974; ppageno 0'>
   <div class='ocr_carea' id='block_1_1' title="bbox 435 505 1146 566">
    <p class='ocr_par' dir='ltr' id='par_1_1' title="bbox 435 505 1146 566">
     <span class='ocr_line' id='line_1_1' title="bbox 435 505 1146 566; baseline -0.001 0"><span class='ocrx_word' id='word_1_1' title='bbox 435 518 699 566; x_wconf 64' lang='lat' dir='ltr'>Inrunenn&#39;rarro</span> <span class='ocrx_word' id='word_1_2' title='bbox 723 521 856 566; x_wconf 76' lang='lat' dir='ltr'>rm&#39;rnm.</span> <span class='ocrx_word' id='word_1_3' title='bbox 1106 505 1146 566; x_wconf 90' lang='grc'>67</span> 
     </span>
    </p>
   </div>
   <div class='ocr_carea' id='block_1_2' title="bbox 162 701 1227 1379">
    <p class='ocr_par' dir='ltr' id='par_1_2' title="bbox 163 701 1147 887">
     <span class='ocr_line' id='line_1_2' title="bbox 164 701 1147 768; baseline 0 -2"><span class='ocrx_word' id='word_1_4' title='bbox 164 723 218 767; x_wconf 91' lang='lat' dir='ltr'>cum</span> <span class='ocrx_word' id='word_1_5' title='bbox 239 703 352 768; x_wconf 89' lang='lat' dir='ltr'>duobus</span> <span class='ocrx_word' id='word_1_6' title='bbox 375 704 563 768; x_wconf 84' lang='lat' dir='ltr'>adversarius</span> <span class='ocrx_word' id='word_1_7' title='bbox 586 725 664 766; x_wconf 90' lang='lat' dir='ltr'>unns</span> <span class='ocrx_word' id='word_1_8' title='bbox 688 703 811 766; x_wconf 82' lang='lat' dir='ltr'>Orestes</span> <span class='ocrx_word' id='word_1_9' title='bbox 827 701 915 767; x_wconf 89' lang='lat' dir='ltr'>heros</span> <span class='ocrx_word' id='word_1_10' title='bbox 933 702 1147 767; x_wconf 91' lang='lat' dir='ltr'>commissurus</span> 
     </span>
     <span class='ocr_line' id='line_1_3' title="bbox 163 822 698 887; baseline -0.004 -1"><span class='ocrx_word' id='word_1_11' title='bbox 163 827 207 886; x_wconf 84' lang='lat' dir='ltr'>est.</span> <span class='ocrx_word' id='word_1_12' title='bbox 235 823 299 887; x_wconf 78' lang='lat' dir='ltr'>Fiat</span> <span class='ocrx_word' id='word_1_13' title='bbox 321 845 389 886; x_wconf 91' lang='lat' dir='ltr'>cum</span> <span class='ocrx_word' id='word_1_14' title='bbox 410 828 520 886; x_wconf 89' lang='lat' dir='ltr'>eventu</span> <span class='ocrx_word' id='word_1_15' title='bbox 545 822 698 886; x_wconf 85' lang='lat' dir='ltr'>victoriae.</span> 
     </span>
    </p>

    <p class='ocr_par' dir='ltr' id='par_1_3' title="bbox 200 937 763 1017">
     <span class='ocr_line' id='line_1_4' title="bbox 200 937 763 1017; baseline -0.004 -13"><span class='ocrx_word' id='word_1_16' title='bbox 200 947 244 1004; x_wconf 80' lang='lat' dir='ltr'>Ae</span> <span class='ocrx_word' id='word_1_17' title='bbox 296 943 356 1006; x_wconf 86' lang='lat' dir='ltr'>Vae</span> <span class='ocrx_word' id='word_1_18' title='bbox 380 963 450 1017; x_wconf 83' lang='lat' dir='ltr'>vae,</span> <span class='ocrx_word' id='word_1_19' title='bbox 474 963 526 1006; x_wconf 90' lang='lat' dir='ltr'>vae</span> <span class='ocrx_word' id='word_1_20' title='bbox 548 941 656 1004; x_wconf 87' lang='lat' dir='ltr'>misero</span> <span class='ocrx_word' id='word_1_21' title='bbox 680 937 763 1004; x_wconf 89' lang='lat' dir='ltr'>mibi.</span> 
     </span>
    </p>

    <p class='ocr_par' dir='ltr' id='par_1_4' title="bbox 162 1058 1227 1379">
     <span class='ocr_line' id='line_1_5' title="bbox 202 1058 1227 1146; baseline 0.001 -24"><span class='ocrx_word' id='word_1_22' title='bbox 202 1061 261 1123; x_wconf 80' lang='lat' dir='ltr'>Oto.</span> <span class='ocrx_word' id='word_1_23' title='bbox 294 1064 358 1146; x_wconf 85' lang='lat' dir='ltr'>Age</span> <span class='ocrx_word' id='word_1_24' title='bbox 373 1060 510 1146; x_wconf 81' lang='lat' dir='ltr'>agedum.</span> <span class='ocrx_word' id='word_1_25' title='bbox 528 1059 613 1130; x_wconf 75' lang='lat' dir='ltr'>Quid</span> <span class='ocrx_word' id='word_1_26' title='bbox 625 1059 747 1144; x_wconf 84' lang='lat' dir='ltr'>egitur?</span> <span class='ocrx_word' id='word_1_27' title='bbox 761 1058 830 1142; x_wconf 89' lang='lat' dir='ltr'>quis</span> <span class='ocrx_word' id='word_1_28' title='bbox 837 1062 963 1122; x_wconf 88' lang='lat' dir='ltr'>eventus</span> <span class='ocrx_word' id='word_1_29' title='bbox 973 1058 1073 1122; x_wconf 91' lang='lat' dir='ltr'>domui</span> <span class='ocrx_word' id='word_1_30' title='bbox 1084 1059 1149 1124; x_wconf 81' lang='lat' dir='ltr'>est?</span> <span class='ocrx_word' id='word_1_31' title='bbox 1164 1061 1227 1124; x_wconf 88' lang='grc'>870</span> 
     </span>
     <span class='ocr_line' id='line_1_6' title="bbox 163 1175 1152 1263; baseline 0.002 -25"><span class='ocrx_word' id='word_1_32' title='bbox 163 1175 331 1242; x_wconf 81' lang='lat' dir='ltr'>discedamus</span> <span class='ocrx_word' id='word_1_33' title='bbox 352 1179 425 1241; x_wconf 92' lang='lat' dir='ltr'>dum</span> <span class='ocrx_word' id='word_1_34' title='bbox 444 1199 490 1241; x_wconf 85' lang='lat' dir='ltr'>res</span> <span class='ocrx_word' id='word_1_35' title='bbox 509 1177 680 1263; x_wconf 89' lang='lat' dir='ltr'>perficitur,</span> <span class='ocrx_word' id='word_1_36' title='bbox 698 1184 734 1240; x_wconf 89' lang='lat' dir='ltr'>ut</span> <span class='ocrx_word' id='word_1_37' title='bbox 756 1177 908 1240; x_wconf 89' lang='lat' dir='ltr'>videamur</span> <span class='ocrx_word' id='word_1_38' title='bbox 927 1181 1013 1240; x_wconf 83' lang='lat' dir='ltr'>extra</span> <span class='ocrx_word' id='word_1_39' title='bbox 1033 1175 1152 1262; x_wconf 91' lang='lat' dir='ltr'>culpam</span> 
     </span>
     <span class='ocr_line' id='line_1_7' title="bbox 162 1291 1153 1379; baseline 0.004 -23"><span class='ocrx_word' id='word_1_40' title='bbox 162 1291 253 1358; x_wconf 86' lang='lat' dir='ltr'>borum</span> <span class='ocrx_word' id='word_1_41' title='bbox 263 1295 407 1360; x_wconf 87' lang='lat' dir='ltr'>mulorum</span> <span class='ocrx_word' id='word_1_42' title='bbox 417 1317 492 1360; x_wconf 87' lang='lat' dir='ltr'>esse:</span> <span class='ocrx_word' id='word_1_43' title='bbox 504 1317 571 1360; x_wconf 83' lang='lat' dir='ltr'>narn</span> <span class='ocrx_word' id='word_1_44' title='bbox 581 1295 754 1360; x_wconf 75' lang='lat' dir='ltr'>certaminis</span> <span class='ocrx_word' id='word_1_45' title='bbox 763 1295 897 1379; x_wconf 83' lang='lat' dir='ltr'>finisjsm</span> <span class='ocrx_word' id='word_1_46' title='bbox 906 1301 1045 1360; x_wconf 85' lang='lat' dir='ltr'>eventurn</span> <span class='ocrx_word' id='word_1_47' title='bbox 1054 1293 1153 1360; x_wconf 89' lang='lat' dir='ltr'>habet.</span> 
     </span>
    </p>
   </div>
   <div class='ocr_carea' id='block_1_3' title="bbox 478 1531 830 1609">
    <p class='ocr_par' dir='ltr' id='par_1_5' title="bbox 478 1531 830 1609">
     <span class='ocr_line' id='line_1_8' title="bbox 478 1531 830 1609; baseline 0 -15"><span class='ocrx_word' id='word_1_48' title='bbox 478 1531 632 1609; x_wconf 78' lang='lat' dir='ltr'>Cuneus,</span> <span class='ocrx_word' id='word_1_49' title='bbox 660 1532 830 1596; x_wconf 64' lang='lat' dir='ltr'>hunnus.</span> 
     </span>
    </p>
   </div>
   <div class='ocr_carea' id='block_1_4' title="bbox 161 1767 1232 2435">
    <p class='ocr_par' dir='ltr' id='par_1_6' title="bbox 161 1767 1232 2435">
     <span class='ocr_line' id='line_1_9' title="bbox 200 1767 1156 1852; baseline 0.005 -23"><span class='ocrx_word' id='word_1_50' title='bbox 200 1767 248 1831; x_wconf 85' lang='lat' dir='ltr'>Fe.</span> <span class='ocrx_word' id='word_1_51' title='bbox 293 1767 357 1834; x_wconf 87' lang='lat' dir='ltr'>Vae</span> <span class='ocrx_word' id='word_1_52' title='bbox 388 1768 463 1832; x_wconf 91' lang='lat' dir='ltr'>mihi</span> <span class='ocrx_word' id='word_1_53' title='bbox 490 1771 659 1852; x_wconf 76' lang='lat' dir='ltr'>iterumque</span> <span class='ocrx_word' id='word_1_54' title='bbox 683 1791 753 1847; x_wconf 89' lang='lat' dir='ltr'>vae,</span> <span class='ocrx_word' id='word_1_55' title='bbox 777 1769 915 1832; x_wconf 87' lang='lat' dir='ltr'>confecto</span> <span class='ocrx_word' id='word_1_56' title='bbox 939 1767 1079 1845; x_wconf 89' lang='lat' dir='ltr'>domiue,</span> <span class='ocrx_word' id='word_1_57' title='bbox 1102 1789 1156 1834; x_wconf 84' lang='lat' dir='ltr'>vae</span> 
     </span>
     <span class='ocr_line' id='line_1_10' title="bbox 161 1882 1153 1972; baseline 0.003 -25"><span class='ocrx_word' id='word_1_58' title='bbox 161 1882 210 1965; x_wconf 86' lang='lat' dir='ltr'>jam</span> <span class='ocrx_word' id='word_1_59' title='bbox 228 1885 322 1950; x_wconf 90' lang='lat' dir='ltr'>denuo</span> <span class='ocrx_word' id='word_1_60' title='bbox 338 1887 371 1950; x_wconf 93' lang='lat' dir='ltr'>in</span> <span class='ocrx_word' id='word_1_61' title='bbox 392 1887 484 1950; x_wconf 81' lang='lat' dir='ltr'>tertis</span> <span class='ocrx_word' id='word_1_62' title='bbox 496 1885 734 1972; x_wconf 84' lang='lat' dir='ltr'>compellatione.</span> <span class='ocrx_word' id='word_1_63' title='bbox 769 1886 934 1971; x_wconf 86' lang='lat' dir='ltr'>Aegisthus</span> <span class='ocrx_word' id='word_1_64' title='bbox 945 1886 1008 1970; x_wconf 86' lang='lat' dir='ltr'>jum</span> <span class='ocrx_word' id='word_1_65' title='bbox 1024 1893 1153 1951; x_wconf 87' lang='lat' dir='ltr'>nonest.</span> 
     </span>
     <span class='ocr_line' id='line_1_11' title="bbox 165 1999 1156 2090; baseline 0.004 -26"><span class='ocrx_word' id='word_1_66' title='bbox 165 1999 261 2068; x_wconf 77' lang='lat' dir='ltr'>Verum</span> <span class='ocrx_word' id='word_1_67' title='bbox 292 2005 406 2090; x_wconf 87' lang='lat' dir='ltr'>aperite</span> <span class='ocrx_word' id='word_1_68' title='bbox 432 2027 520 2089; x_wconf 87' lang='lat' dir='ltr'>quam</span> <span class='ocrx_word' id='word_1_69' title='bbox 552 2006 697 2068; x_wconf 86' lang='lat' dir='ltr'>citissime</span> <span class='ocrx_word' id='word_1_70' title='bbox 719 2011 750 2070; x_wconf 82' lang='lat' dir='ltr'>et</span> <span class='ocrx_word' id='word_1_71' title='bbox 768 2005 891 2089; x_wconf 84' lang='lat' dir='ltr'>januam</span> <span class='ocrx_word' id='word_1_72' title='bbox 913 2004 1156 2090; x_wconf 87' lang='lat' dir='ltr'>gynaeconitidis</span> 
     </span>
     <span class='ocr_line' id='line_1_12' title="bbox 165 2119 1156 2209; baseline 0.003 -26"><span class='ocrx_word' id='word_1_73' title='bbox 165 2119 257 2186; x_wconf 81' lang='lat' dir='ltr'>solvite</span> <span class='ocrx_word' id='word_1_74' title='bbox 282 2123 425 2209; x_wconf 85' lang='lat' dir='ltr'>pessulis:</span> <span class='ocrx_word' id='word_1_75' title='bbox 452 2130 482 2189; x_wconf 91' lang='lat' dir='ltr'>et</span> <span class='ocrx_word' id='word_1_76' title='bbox 505 2145 575 2188; x_wconf 82' lang='lat' dir='ltr'>sene</span> <span class='ocrx_word' id='word_1_77' title='bbox 600 2123 722 2209; x_wconf 88' lang='lat' dir='ltr'>vigente</span> <span class='ocrx_word' id='word_1_78' title='bbox 744 2145 819 2209; x_wconf 91' lang='lat' dir='ltr'>opus</span> <span class='ocrx_word' id='word_1_79' title='bbox 842 2130 902 2198; x_wconf 86' lang='lat' dir='ltr'>est,</span> <span class='ocrx_word' id='word_1_80' title='bbox 926 2145 988 2187; x_wconf 90' lang='lat' dir='ltr'>non</span> <span class='ocrx_word' id='word_1_81' title='bbox 1012 2130 1047 2187; x_wconf 88' lang='lat' dir='ltr'>ut</span> <span class='ocrx_word' id='word_1_82' title='bbox 1070 2124 1156 2187; x_wconf 85' lang='lat' dir='ltr'>euxi-</span> 
     </span>
     <span class='ocr_line' id='line_1_13' title="bbox 165 2237 1232 2327; baseline 0.003 -25"><span class='ocrx_word' id='word_1_83' title='bbox 165 2237 242 2304; x_wconf 87' lang='lat' dir='ltr'>lietur</span> <span class='ocrx_word' id='word_1_84' title='bbox 270 2243 424 2306; x_wconf 87' lang='lat' dir='ltr'>confecto:</span> <span class='ocrx_word' id='word_1_85' title='bbox 455 2241 606 2326; x_wconf 90' lang='lat' dir='ltr'>quomodo</span> <span class='ocrx_word' id='word_1_86' title='bbox 629 2242 707 2306; x_wconf 91' lang='lat' dir='ltr'>enim</span> <span class='ocrx_word' id='word_1_87' title='bbox 732 2241 764 2304; x_wconf 92' lang='lat' dir='ltr'>id</span> <span class='ocrx_word' id='word_1_88' title='bbox 788 2242 851 2306; x_wconf 88' lang='lat' dir='ltr'>fieri</span> <span class='ocrx_word' id='word_1_89' title='bbox 876 2242 993 2327; x_wconf 82' lang='lat' dir='ltr'>possit?</span> <span class='ocrx_word' id='word_1_90' title='bbox 1019 2264 1071 2306; x_wconf 88' lang='lat' dir='ltr'>vae</span> <span class='ocrx_word' id='word_1_91' title='bbox 1096 2263 1155 2305; x_wconf 89' lang='lat' dir='ltr'>vae.</span> <span class='ocrx_word' id='word_1_92' title='bbox 1169 2243 1232 2305; x_wconf 89' lang='lat'>880</span> 
     </span>
     <span class='ocr_line' id='line_1_14' title="bbox 165 2357 1157 2435; baseline 0.007 -17"><span class='ocrx_word' id='word_1_93' title='bbox 165 2357 257 2422; x_wconf 85' lang='lat' dir='ltr'>Sardis</span> <span class='ocrx_word' id='word_1_94' title='bbox 288 2360 401 2435; x_wconf 85' lang='lat' dir='ltr'>clamo,</span> <span class='ocrx_word' id='word_1_95' title='bbox 427 2364 457 2422; x_wconf 85' lang='lat' dir='ltr'>et</span> <span class='ocrx_word' id='word_1_96' title='bbox 479 2360 630 2423; x_wconf 90' lang='lat' dir='ltr'>incassum</span> <span class='ocrx_word' id='word_1_97' title='bbox 653 2359 872 2424; x_wconf 89' lang='lat' dir='ltr'>dormientibus</span> <span class='ocrx_word' id='word_1_98' title='bbox 892 2361 978 2424; x_wconf 91' lang='lat' dir='ltr'>irrita</span> <span class='ocrx_word' id='word_1_99' title='bbox 1000 2361 1157 2425; x_wconf 87' lang='lat' dir='ltr'>vociferor.</span> 
     </span>
    </p>
   </div>
   <div class='ocr_carea' id='block_1_5' title="bbox 166 2473 1157 2564">
    <p class='ocr_par' dir='ltr' id='par_1_7' title="bbox 166 2473 1157 2564">
     <span class='ocr_line' id='line_1_15' title="bbox 166 2473 1157 2564; baseline 0.007 -27"><span class='ocrx_word' id='word_1_100' title='bbox 166 2473 216 2538; x_wconf 93' lang='lat' dir='ltr'>Ubi</span> <span class='ocrx_word' id='word_1_101' title='bbox 242 2477 502 2564; x_wconf 82' lang='lat' dir='ltr'>Clytaemnestra?</span> <span class='ocrx_word' id='word_1_102' title='bbox 532 2477 604 2562; x_wconf 91' lang='lat' dir='ltr'>quid</span> <span class='ocrx_word' id='word_1_103' title='bbox 637 2479 724 2564; x_wconf 84' lang='lat' dir='ltr'>egit?</span> <span class='ocrx_word' id='word_1_104' title='bbox 768 2479 861 2542; x_wconf 91' lang='lat' dir='ltr'>Nunc</span> <span class='ocrx_word' id='word_1_105' title='bbox 892 2478 956 2561; x_wconf 90' lang='lat' dir='ltr'>ejus</span> <span class='ocrx_word' id='word_1_106' title='bbox 988 2478 1101 2544; x_wconf 90' lang='lat' dir='ltr'>collum</span> <span class='ocrx_word' id='word_1_107' title='bbox 1124 2482 1157 2544; x_wconf 91' lang='lat' dir='ltr'>in</span> 
     </span>
    </p>
   </div>
   <div class='ocr_carea' id='block_1_6' title="bbox 167 2596 995 2912">
    <p class='ocr_par' dir='ltr' id='par_1_8' title="bbox 167 2596 995 2912">
     <span class='ocr_line' id='line_1_16' title="bbox 167 2596 950 2680; baseline 0.006 -25"><span class='ocrx_word' id='word_1_108' title='bbox 167 2597 296 2660; x_wconf 80' lang='lat' dir='ltr'>novacula</span> <span class='ocrx_word' id='word_1_109' title='bbox 317 2621 388 2662; x_wconf 87' lang='lat' dir='ltr'>mox</span> <span class='ocrx_word' id='word_1_110' title='bbox 413 2619 551 2662; x_wconf 90' lang='lat' dir='ltr'>casurum</span> <span class='ocrx_word' id='word_1_111' title='bbox 575 2597 713 2674; x_wconf 86' lang='lat' dir='ltr'>videtur,</span> <span class='ocrx_word' id='word_1_112' title='bbox 731 2596 799 2680; x_wconf 90' lang='lat' dir='ltr'>jure</span> <span class='ocrx_word' id='word_1_113' title='bbox 822 2618 950 2661; x_wconf 85' lang='lat' dir='ltr'>caesum.</span> 
     </span>
     <span class='ocr_line' id='line_1_17' title="bbox 314 2831 995 2912; baseline 0 -15"><span class='ocrx_word' id='word_1_114' title='bbox 314 2832 469 2912; x_wconf 78' lang='lat' dir='ltr'>cuorus,</span> <span class='ocrx_word' id='word_1_115' title='bbox 492 2833 672 2910; x_wconf 66' lang='lat' dir='ltr'>rieures,</span> <span class='ocrx_word' id='word_1_116' title='bbox 695 2831 995 2900; x_wconf 74' lang='lat' dir='ltr'>Ornmnursnsras.</span> 
     </span>
    </p>
   </div>
   <div class='ocr_carea' id='block_1_7' title="bbox 72 3067 1236 3749">
    <p class='ocr_par' dir='ltr' id='par_1_9' title="bbox 204 3067 1155 3156">
     <span class='ocr_line' id='line_1_18' title="bbox 204 3067 1155 3156; baseline 0.001 -22"><span class='ocrx_word' id='word_1_117' title='bbox 204 3067 261 3152; x_wconf 72' lang='lat' dir='ltr'>ely.</span> <span class='ocrx_word' id='word_1_118' title='bbox 306 3068 393 3140; x_wconf 79' lang='lat' dir='ltr'>Quid</span> <span class='ocrx_word' id='word_1_119' title='bbox 409 3070 525 3156; x_wconf 85' lang='lat' dir='ltr'>negotii</span> <span class='ocrx_word' id='word_1_120' title='bbox 541 3071 605 3134; x_wconf 78' lang='lat' dir='ltr'>est?</span> <span class='ocrx_word' id='word_1_121' title='bbox 629 3091 717 3154; x_wconf 90' lang='lat' dir='ltr'>quem</span> <span class='ocrx_word' id='word_1_122' title='bbox 731 3069 890 3134; x_wconf 85' lang='lat' dir='ltr'>clamorem</span> <span class='ocrx_word' id='word_1_123' title='bbox 903 3070 1019 3136; x_wconf 81' lang='lat' dir='ltr'>excitas</span> <span class='ocrx_word' id='word_1_124' title='bbox 1032 3070 1155 3135; x_wconf 78' lang='lat' dir='ltr'>domui?</span> 
     </span>
    </p>

    <p class='ocr_par' dir='ltr' id='par_1_10' title="bbox 201 3187 869 3255">
     <span class='ocr_line' id='line_1_19' title="bbox 201 3187 869 3255; baseline 0.006 -7"><span class='ocrx_word' id='word_1_125' title='bbox 201 3187 252 3252; x_wconf 81' lang='lat' dir='ltr'>Fa.</span> <span class='ocrx_word' id='word_1_126' title='bbox 308 3188 450 3253; x_wconf 79' lang='lat' dir='ltr'>Mortuos</span> <span class='ocrx_word' id='word_1_127' title='bbox 473 3188 575 3252; x_wconf 88' lang='lat' dir='ltr'>vivum</span> <span class='ocrx_word' id='word_1_128' title='bbox 598 3189 767 3255; x_wconf 89' lang='lat' dir='ltr'>interficere</span> <span class='ocrx_word' id='word_1_129' title='bbox 792 3188 869 3254; x_wconf 88' lang='lat' dir='ltr'>dico.</span> 
     </span>
    </p>

    <p class='ocr_par' dir='ltr' id='par_1_11' title="bbox 72 3305 1236 3749">
     <span class='ocr_line' id='line_1_20' title="bbox 204 3305 1159 3394; baseline 0.006 -28"><span class='ocrx_word' id='word_1_130' title='bbox 204 3305 263 3390; x_wconf 74' lang='lat' dir='ltr'>Oly.</span> <span class='ocrx_word' id='word_1_131' title='bbox 307 3305 373 3370; x_wconf 83' lang='lat' dir='ltr'>Vae</span> <span class='ocrx_word' id='word_1_132' title='bbox 406 3305 490 3370; x_wconf 91' lang='lat' dir='ltr'>mihi.</span> <span class='ocrx_word' id='word_1_133' title='bbox 543 3307 686 3372; x_wconf 87' lang='lat' dir='ltr'>Intellexi</span> <span class='ocrx_word' id='word_1_134' title='bbox 721 3327 824 3372; x_wconf 87' lang='lat' dir='ltr'>vocem</span> <span class='ocrx_word' id='word_1_135' title='bbox 859 3329 895 3372; x_wconf 86' lang='lat' dir='ltr'>ex</span> <span class='ocrx_word' id='word_1_136' title='bbox 929 3306 1159 3394; x_wconf 82' lang='lat' dir='ltr'>aenigmatibus.</span> 
     </span>
     <span class='ocr_line' id='line_1_21' title="bbox 168 3416 1159 3511; baseline 0.004 -28"><span class='ocrx_word' id='word_1_137' title='bbox 168 3416 243 3487; x_wconf 89' lang='lat' dir='ltr'>Dolis</span> <span class='ocrx_word' id='word_1_138' title='bbox 271 3423 452 3511; x_wconf 87' lang='lat' dir='ltr'>peribimus,</span> <span class='ocrx_word' id='word_1_139' title='bbox 483 3425 634 3508; x_wconf 89' lang='lat' dir='ltr'>quomodo</span> <span class='ocrx_word' id='word_1_140' title='bbox 665 3426 754 3490; x_wconf 86' lang='lat' dir='ltr'>etiem</span> <span class='ocrx_word' id='word_1_141' title='bbox 779 3423 973 3511; x_wconf 85' lang='lat' dir='ltr'>perdidimus.</span> <span class='ocrx_word' id='word_1_142' title='bbox 1019 3423 1082 3488; x_wconf 85' lang='lat' dir='ltr'>Det</span> <span class='ocrx_word' id='word_1_143' title='bbox 1103 3424 1159 3488; x_wconf 91' lang='lat' dir='ltr'>ali-</span> 
     </span>
     <span class='ocr_line' id='line_1_22' title="bbox 168 3539 1236 3622; baseline 0.003 -18"><span class='ocrx_word' id='word_1_144' title='bbox 168 3539 224 3620; x_wconf 88' lang='lat' dir='ltr'>quis</span> <span class='ocrx_word' id='word_1_145' title='bbox 235 3545 414 3608; x_wconf 82' lang='lat' dir='ltr'>mortiferam</span> <span class='ocrx_word' id='word_1_146' title='bbox 428 3545 558 3608; x_wconf 89' lang='lat' dir='ltr'>securim</span> <span class='ocrx_word' id='word_1_147' title='bbox 570 3543 720 3608; x_wconf 91' lang='lat' dir='ltr'>celeriter:</span> <span class='ocrx_word' id='word_1_148' title='bbox 733 3543 877 3622; x_wconf 80' lang='lat' dir='ltr'>sciemus,</span> <span class='ocrx_word' id='word_1_149' title='bbox 888 3547 990 3607; x_wconf 88' lang='lat' dir='ltr'>utrum</span> <span class='ocrx_word' id='word_1_150' title='bbox 1003 3543 1160 3607; x_wconf 87' lang='lat' dir='ltr'>vincamus</span> <span class='ocrx_word' id='word_1_151' title='bbox 1173 3545 1236 3607; x_wconf 79' lang='lat'>890</span> 
     </span>
     <span class='ocr_line' id='line_1_23' title="bbox 72 3659 1159 3749; baseline 0.004 -29"><span class='ocrx_word' id='word_1_152' title='bbox 72 3712 76 3721; x_wconf 94' lang='lat'>.</span> <span class='ocrx_word' id='word_1_153' title='bbox 169 3675 199 3720; x_wconf 87' lang='lat' dir='ltr'>an</span> <span class='ocrx_word' id='word_1_154' title='bbox 219 3660 389 3726; x_wconf 81' lang='lat' dir='ltr'>vincamur:</span> <span class='ocrx_word' id='word_1_155' title='bbox 412 3683 481 3726; x_wconf 91' lang='lat' dir='ltr'>nam</span> <span class='ocrx_word' id='word_1_156' title='bbox 506 3683 541 3726; x_wconf 92' lang='lat' dir='ltr'>eo</span> <span class='ocrx_word' id='word_1_157' title='bbox 563 3659 622 3726; x_wconf 89' lang='lat' dir='ltr'>hoc</span> <span class='ocrx_word' id='word_1_158' title='bbox 645 3660 758 3726; x_wconf 86' lang='lat' dir='ltr'>malum</span> <span class='ocrx_word' id='word_1_159' title='bbox 780 3660 868 3726; x_wconf 88' lang='lat' dir='ltr'>nobis</span> <span class='ocrx_word' id='word_1_160' title='bbox 891 3682 1082 3749; x_wconf 87' lang='lat' dir='ltr'>progressum</span> <span class='ocrx_word' id='word_1_161' title='bbox 1105 3667 1159 3726; x_wconf 90' lang='lat' dir='ltr'>est.</span> 
     </span>
    </p>
   </div>
   <div class='ocr_carea' id='block_1_8' title="bbox 208 3896 1087 4218">
    <p class='ocr_par' dir='ltr' id='par_1_12' title="bbox 208 3896 1087 4218">
     <span class='ocr_line' id='line_1_24' title="bbox 232 3896 1087 3976; baseline 0.002 -16"><span class='ocrx_word' id='word_1_162' title='bbox 232 3896 383 3975; x_wconf 70' lang='lat' dir='ltr'>Osopus,</span> <span class='ocrx_word' id='word_1_163' title='bbox 408 3897 713 3976; x_wconf 64' lang='lat' dir='ltr'>(lausannensem,</span> <span class='ocrx_word' id='word_1_164' title='bbox 736 3897 903 3976; x_wconf 67' lang='lat' dir='ltr'>ors-asses,</span> <span class='ocrx_word' id='word_1_165' title='bbox 925 3897 1087 3964; x_wconf 73' lang='lat' dir='ltr'>Praenes.</span> 
     </span>
     <span class='ocr_line' id='line_1_25' title="bbox 208 4131 897 4218; baseline 0.006 -24"><span class='ocrx_word' id='word_1_166' title='bbox 208 4132 252 4195; x_wconf 82' lang='lat' dir='ltr'>Or.</span> <span class='ocrx_word' id='word_1_167' title='bbox 294 4133 338 4198; x_wconf 63' lang='lat' dir='ltr'>&#39;lle</span> <span class='ocrx_word' id='word_1_168' title='bbox 359 4155 479 4218; x_wconf 86' lang='lat' dir='ltr'>quoque</span> <span class='ocrx_word' id='word_1_169' title='bbox 501 4155 629 4217; x_wconf 84' lang='lat' dir='ltr'>quaero:</span> <span class='ocrx_word' id='word_1_170' title='bbox 652 4131 725 4200; x_wconf 86' lang='lat' dir='ltr'>huic</span> <span class='ocrx_word' id='word_1_171' title='bbox 747 4133 821 4200; x_wconf 86' lang='lat' dir='ltr'>setis</span> <span class='ocrx_word' id='word_1_172' title='bbox 844 4139 897 4200; x_wconf 85' lang='lat' dir='ltr'>est.</span> 
     </span>
    </p>
   </div>
   <div class='ocr_carea' id='block_1_9' title="bbox 210 4249 1044 4430">
    <p class='ocr_par' dir='ltr' id='par_1_13' title="bbox 210 4249 1044 4430">
     <span class='ocr_line' id='line_1_26' title="bbox 210 4249 1017 4341; baseline 0.011 -31"><span class='ocrx_word' id='word_1_173' title='bbox 210 4249 268 4334; x_wconf 65' lang='lat' dir='ltr'>cry.</span> <span class='ocrx_word' id='word_1_174' title='bbox 295 4251 357 4334; x_wconf 88' lang='lat' dir='ltr'>Hei</span> <span class='ocrx_word' id='word_1_175' title='bbox 380 4251 464 4318; x_wconf 90' lang='lat' dir='ltr'>mihi.</span> <span class='ocrx_word' id='word_1_176' title='bbox 508 4252 650 4332; x_wconf 85' lang='lat' dir='ltr'>Periisti,</span> <span class='ocrx_word' id='word_1_177' title='bbox 672 4253 826 4318; x_wconf 85' lang='lat' dir='ltr'>carissime</span> <span class='ocrx_word' id='word_1_178' title='bbox 847 4253 1017 4341; x_wconf 78' lang='lat' dir='ltr'>Aegistho?</span> 
     </span>
     <span class='ocr_line' id='line_1_27' title="bbox 1006 4369 1044 4430; baseline 0 -20"><span class='ocrx_word' id='word_1_179' title='bbox 1006 4369 1044 4430; x_wconf 70' lang='grc' dir='ltr'><strong>μ</strong></span> 
     </span>
    </p>
   </div>
   <div class='ocr_carea' id='block_1_10' title="bbox 0 0 1488 4974">
    <p class='ocr_par' dir='ltr' id='par_1_14' title="bbox 0 0 1488 4974">
     <span class='ocr_line' id='line_1_28' title="bbox 0 0 1488 4974; baseline 0 0"><span class='ocrx_word' id='word_1_180' title='bbox 0 0 1488 4974; x_wconf 95' lang='lat' dir='ltr'> </span> 
     </span>
    </p>
   </div>
  </div>
 </body>
</html>
