2956 4974
709 575 918 633 ΑΙΣΧΥΛΟΥ

491 794 541 835 ται
564 769 594 835 δέ
615 793 669 842 τις.
704 769 737 834 τὸ
760 767 784 834 θ’
807 772 943 850 εὐτυχεῖν

424 900 482 969 ποθ’
505 906 533 968 ε’ν
555 903 667 984 βροτοῖς
690 901 750 976 θείς
770 927 823 979 τε,
846 901 896 968 καί
920 905 981 970 θεοῦ
1004 904 1101 971 πλέον.

493 1039 562 1118 ῥοπὴ
585 1035 609 1100 δ’
628 1037 782 1102 ἐπισκοπεῖ
800 1037 898 1114 θίκας,

493 1177 607 1251 ταχεῖα
628 1176 688 1242 τοῖς
710 1171 763 1246 μέν
785 1171 814 1234 ἐν
836 1169 928 1253 φύει,

490 1301 531 1366 τθι
554 1301 578 1365 θ’
601 1301 630 1365 έν
652 1302 825 1382 μεταιχμίῳ
846 1302 948 1368 σκθτου

491 1433 585 1512 μένει,
606 1433 760 1515 χρονίζοντ’
781 1431 846 1516 οίχκ
868 1433 966 1516 βρύει·

492 1567 558 1640 τοὺς
581 1564 605 1630 δ’
628 1564 767 1648 ἄκραντος
790 1567 854 1648 ἔχει
877 1566 938 1644 νύξ.

425 1701 460 1766 δι’
482 1697 586 1779 αἵματ’
609 1699 748 1766 ἐκποθένθ’
772 1701 826 1766 ὑπὸ
848 1701 948 1782 χθονὸς
970 1707 1077 1784 τροφοῦ

427 1834 513 1906 τίτας
535 1833 620 1918 φθνος
643 1834 793 1912 πέπηγεν,
817 1836 849 1899 ού
872 1834 1028 1916 διαρῤυθῖιν.

427 1967 551 2045 διαλγὴς
573 1965 631 2044 οίτη
654 1967 781 2048 διαφέρει
803 1967 852 2032 τὸν
875 1965 964 2034 οιίτιον

494 2098 681 2180 παναρκέτας
705 2098 784 2166 νθσου
805 2100 911 2182 βρύειν.

499 2233 580 2316 [τοὺς
603 2230 627 2296 δ’
649 2229 788 2314 ἄκραντος
811 2232 875 2312 ἔχει
898 2230 976 2317 νύξ]

428 2363 533 2443 οίγοντι
556 2365 580 2429 δ’
601 2364 662 2430 ούτι
685 2370 834 2448 νυμφικῶν
855 2365 975 2430 ἑδωλίων

428 2495 512 2570 ύκος·
536 2496 613 2578 πθροι
635 2522 669 2563 τε
691 2496 801 2570 ποίντες
824 2497 856 2562 ε’κ
878 2499 951 2576 μιοῖς
973 2497 1035 2562 θθοϊι

495 2615 645 2710 βαίνοντες
666 2629 715 2696 τὸν
736 2639 903 2712 χαιρομυσῆ

427 2764 512 2847 φθνον
534 2765 715 2846 καθαίροντες
737 2765 833 2830 ίοῦσαν
852 2763 935 2838 θέσαν.

429 2898 490 2976 ἐμοὶ
514 2898 538 2962 δ’
559 2896 696 2975 οίνιίγκαν
718 2899 777 2979 γίιρ
799 2898 986 2982 ἀμφίπτολιν

430 3031 482 3096 θεοί
506 3032 717 3113 προσήνεγκαν·
740 3033 772 3096 ἐκ
795 3031 855 3112 γὰρ
876 3028 956 3096 οίαιον

430 3163 567 3247 πατρῴαν
589 3164 695 3229 δούλιον
717 3165 823 3241 έσοίγον
846 3158 950 3229 κίτρον·

498 3298 596 3363 δίκαια
618 3296 668 3362 καί
692 3299 734 3376 μέν
757 3297 870 3374 δίκαια,

497 3430 629 3512 πρέποντ’
651 3430 762 3511 οὶρχαῖς
784 3428 867 3508 βίον,

431 3564 486 3644 βίοι
507 3563 684 3646 φερομένων,
708 3563 837 3639 αίνέσαι,
861 3562 956 3643 πικρὸν
979 3568 1087 3645 φρενῶν

430 3699 538 3777 στύγος
560 3697 711 3779 κρατούσῃ.
757 3697 865 3778 δακρύοι
888 3697 912 3761 δ’
935 3697 987 3780 ὑφ’
1009 3694 1137 3774 είμοίτιον

496 3830 646 3908 ματαίοισι
670 3831 814 3896 δεσποτᾶν

430 3964 557 4046 τύχαις,
579 3962 728 4046 κρυφαίοις
750 3961 878 4026 πένθεσιν
900 3962 1100 4043 παχνουμένη.

380 4150 386 4163 .
431 4097 525 4175 δμωαί
548 4103 701 4174 γυναῖκες,
725 4096 865 4176 δαμοίτιον
888 4097 1056 4175 εὐθήμονες,

433 4232 494 4296 ε’πεί
518 4228 646 4311 πύρεττε
668 4229 755 4304 τῆσδε
778 4239 955 4310 προστροπῆς
978 4230 1040 4308 ἐμοὶ

433 4362 562 4442 πομποί,
585 4362 702 4439 γένεσθε
723 4361 810 4427 τῶνδε
831 4362 991 4440 σύμβουλοι
1014 4363 1088 4442 πέρι·
