2972 4974
555 454 756 500 ruuorauro.
1101 438 1161 499 141

159 640 192 700 ut
226 659 264 702 ex
293 636 471 722 pronomine
493 638 711 723 interrogativo
733 634 925 722 intelligatur
947 658 1073 723 persona
1094 639 1164 702 nni-

156 776 255 833 verse,
277 757 366 842 qnasi
388 755 503 840 Φράσαι
525 780 580 828 τις.

199 877 272 938 595.
316 873 426 955 ἀνδρὸς.
474 875 547 938 Non
571 875 660 940 credo
683 896 788 939 sexum
811 875 994 961 significari,
1013 880 1048 940 ut
1070 897 1163 962 oppo-

157 998 246 1059 natur
269 1017 340 1060 mox
363 1001 518 1072 γυναικῶν,
541 994 594 1060 sed
618 1017 714 1083 genus
737 995 917 1073 humanum,
939 997 971 1060 in
995 1017 1055 1080 qno
1078 995 1164 1060 dein·

154 1134 222 1200 ceps
253 1114 411 1179 muliebris
443 1115 568 1179 audacia
587 1115 716 1179 maxime
738 1114 944 1201 significetur:
967 1116 1164 1201 praeponitur

154 1253 249 1316 genus
284 1232 477 1309 universum,
507 1237 573 1298 tum
603 1232 800 1310 describitur,
832 1233 914 1317 qnod
944 1233 977 1297 in
1002 1255 1037 1298 oo
1056 1254 1164 1320 genere

154 1349 281 1435 reliquis
316 1356 362 1415 est
393 1351 545 1416 audacius.
591 1350 637 1415 cf.
668 1353 824 1416 annotatio
848 1353 885 1416 ad
911 1355 983 1416 534.
1023 1351 1164 1429 Poetam,

154 1471 178 1534 si
202 1491 310 1534 sexum
334 1469 508 1556 significare
531 1469 692 1546 voluisset,
716 1471 902 1557 scripturum
922 1471 1016 1535 fuisse
1028 1468 1162 1551 uipereor,

153 1589 298 1652 affirmare
320 1611 383 1652 non
403 1589 514 1653 ausim:
539 1590 575 1653 fit
594 1587 716 1672 quidem
735 1589 768 1652 in
788 1589 987 1654 distinctione
1007 1590 1052 1654 ita
1070 1587 1163 1654 (15οέ.

154 1709 236 1786 502,
258 1712 365 1795 Agam.
394 1712 457 1772 861
483 1715 611 1785 γυναῖκα
635 1706 749 1788 ἄρσενος
772 1708 861 1789 δίχα,
892 1713 924 1773 55
946 1711 1053 1796 Agem.
1077 1711 1161 1772 1231

157 1827 257 1903 θῆλυς,
290 1823 406 1906 ἄρσενος
439 1826 553 1907 φονεύς.
612 1826 725 1890 Verum
769 1827 860 1891 etiam
895 1825 965 1907 55555
999 1828 1164 1913 opponitur

155 1943 272 2021 γυναικὶ
297 1942 389 2009 011οὸ.
413 1947 494 2020 664,
522 1949 553 2008 55
575 1947 638 2009 999
662 1946 695 2008 in
719 1946 886 2022 sententie,
909 1944 998 2031 plane
1022 1947 1163 2010 conveni-

152 2069 221 2128 ente
254 2085 324 2127 oum
355 2068 463 2150 Agam.
491 2068 564 2128 861.
609 2064 669 2129 Sed
693 2065 789 2130 totius
811 2063 903 2148 hujus
926 2064 1068 2128 carminis
1092 2087 1160 2129 sen-

157 2181 274 2246 tentiae
296 2183 393 2268 magis
416 2183 577 2246 convenire
600 2183 721 2247 videtur
740 2183 789 2260 id,
812 2183 894 2266 qnod
913 2184 1067 2270 proposui.

202 2303 275 2364 596.
321 2299 432 2382 Φρεσὶν.
479 2301 531 2365 Sic
554 2301 591 2365 R.
627 2300 662 2365 M
685 2307 716 2367 et
739 2302 768 2367 G
789 2301 920 2384 Φρεσσὶν.

198 2423 272 2484 591.
319 2420 504 2485 Klensenius
526 2420 606 2485 delet
624 2419 689 2498 καὶ,
712 2425 828 2508 etpost
847 2419 1033 2500 παντόλμους
1053 2421 1085 2485 in
1105 2421 1163 2485 hoc

157 2559 241 2604 versu
264 2540 356 2626 ponit
379 2538 500 2620 ἔρωτας,
522 2539 614 2625 idque
633 2562 721 2605 versu
749 2547 892 2626 sequente
915 2541 1039 2628 repetit:
1063 2541 1164 2626 conje-

160 2661 242 2722 ctura
275 2665 306 2723 et
337 2659 374 2722 ad
407 2663 536 2723 metrum
569 2665 600 2724 et
630 2659 667 2724 ad
691 2661 869 2725 sententiam
894 2666 971 2746 epta.
1016 2660 1162 2724 Nondum

159 2781 253 2840 temen
276 2783 369 2842 muto.
417 2779 478 2842 Pro
501 2776 688 2856 eamdemve
710 2778 743 2842 in
768 2779 796 2842 G
819 2783 866 2843 est
889 2778 1075 2858 παντόλμας.

199 2899 269 2961 599.
314 2893 474 2974 συννόμους.
521 2897 613 2982 Apud
636 2895 818 2983 Sophoclem
837 2896 960 2962 Electra
978 2895 1162 2984 Aegisthum

159 3014 281 3100 appellat
314 3015 420 3079 matris
453 3014 605 3094 σύννομα,
638 3013 686 3079 El.
722 3017 795 3082 606.
841 3023 948 3097 Βρατῶν
982 3015 1093 3102 pendet
1126 3016 1164 3081 ab

159 3131 272 3213 ἔρωτας,
295 3156 358 3198 non
383 3133 420 3198 ab
443 3131 553 3199 ἄταισι.

198 3257 269 3318 599.
314 3253 375 3318 Pro
398 3253 422 3317 θ’
468 3252 503 3318 Μ
527 3256 558 3318 55
582 3252 612 3317 G
635 3250 748 3318 habent
770 3252 803 3330 δ’,
828 3254 857 3316 R
879 3254 918 3317 τ’.

198 3375 269 3436 602.
316 3371 481 3436 Genitivus
503 3374 550 3436 est
572 3371 716 3457 partitive
734 3371 864 3456 junctus
889 3370 981 3435 verbo
1000 3377 1163 3453 παρανικᾷι

159 3493 284 3574 praere
318 3511 403 3554 amor
436 3488 490 3554 ille
520 3489 602 3554 inter
629 3488 744 3553 belluas
767 3487 979 3574 hominesque,
1002 3490 1032 3552 vi
1056 3495 1164 3553 suaet

159 3606 354 3674 vehementia:
380 3609 562 3694 praepositio
586 3631 669 3689 παρα
690 3607 781 3674 verbo
801 3607 910 3672 addere
928 3607 1050 3672 videtur
1067 3608 1163 3694 signi-

159 3725 321 3791 ficationem
354 3726 511 3791 deterioris
544 3725 691 3790 victoriae
721 3730 752 3789 et
782 3725 983 3811 praestantiae
1013 3747 1074 3788 non
1098 3725 1162 3788 lau-

160 3841 276 3910 dondae.
322 3845 447 3930 Oonjeci
477 3844 640 3930 aliquando
668 3866 721 3930 pro
745 3851 892 3928 παρανικᾷ
915 3843 1077 3930 legendum
1100 3865 1163 3908 esse

160 3964 242 4045 πέραν
266 3963 331 4030 tarr:
354 3986 451 4042 emor,
472 3964 631 4029 mulierum
655 3964 708 4050 qui
733 3962 820 4050 pellit
843 3964 976 4041 animos,
999 3962 1080 4028 ultra
1101 3961 1163 4027 bel·

28 4098 32 4113 ·
159 4079 220 4146 luas
243 4082 439 4168 hominesque
460 4083 618 4170 procedit:
643 4083 812 4170 scripturae
834 4103 906 4146 sene
928 4081 1096 4147 mutatione
1117 4081 1163 4145 fo·

161 4201 225 4280 cili,
254 4208 284 4268 et
314 4203 467 4268 sententia
500 4203 633 4290 apprime
663 4201 782 4266 idonee:
815 4221 917 4266 verum
947 4223 1043 4286 quum
1072 4200 1162 4282 πέραν
