2972 4974
336 417 399 478 lca
739 431 941 478 annornmo.

332 617 480 702 ejusmodi
497 615 639 703 planctus
659 618 690 681 et
708 614 835 701 lugendi
852 615 998 702 strepitus
1019 619 1050 680 et
1068 637 1180 679 sonans
1199 612 1349 678 clamans-

332 757 391 820 que
413 734 546 819 ejulatos
569 733 721 799 convenit.
767 733 883 798 Contra
903 755 968 798 mos
991 732 1083 818 hujus
1106 731 1226 820 puellae
1247 732 1351 818 pingi-

331 857 386 918 tur
409 855 473 920 445
497 874 579 937 seqq.

378 975 452 1037 426.
498 969 663 1053 ὀρέγματα.
699 969 814 1034 Aldina
833 969 1016 1051 θρείχματα,
1039 968 1200 1034 Turnebus
1218 967 1352 1049 θμθχμα-

331 1114 382 1158 σα.
429 1090 521 1162 Quod
542 1091 567 1154 ei
587 1110 691 1156 verum
711 1093 808 1166 esset,
824 1089 911 1171 χερὸς
926 1088 1087 1169 ὀρύγματα
1102 1087 1353 1175 significarentur

334 1208 476 1287 vulnera,
511 1231 602 1273 manu
638 1207 805 1272 dilaniante
839 1208 991 1294 perfecta:
1027 1213 1062 1272 ut
1097 1229 1139 1272 vs.
1171 1211 1214 1272 24
1249 1206 1353 1290 dolator
1453 1273 1456 1280 ,

331 1327 478 1406 amnon
524 1326 585 1393 Sed
610 1328 750 1392 mutandi
775 1349 866 1392 causa
888 1349 949 1392 non
972 1330 1027 1392 est.

378 1450 452 1512 427.
499 1444 646 1528 ἐσεῤῥθθει.
692 1446 743 1510 Ita
766 1445 928 1530 Stanlejos.
973 1443 1077 1524 Libri,
1099 1449 1248 1530 quantum
1269 1447 1354 1522 scio,

331 1565 473 1646 ἕσιρίοθεῖ.

376 1685 450 1748 435.
500 1675 569 1762 ἆρα.
618 1680 705 1746 Libri
728 1679 796 1763 ἄρα.

377 1804 450 1866 438.
495 1797 626 1877 ὀλοίμαν.
673 1799 771 1872 Recte
802 1798 917 1885 pridem
949 1799 1158 1874 emendatum,
1187 1798 1355 1883 adjuvante

334 1917 519 1986 scholiasta:
543 1917 613 1982 libri
638 1917 769 1996 ἑλοίμαν.

377 2039 452 2101 439.
497 2036 720 2116 ἐμασχαλίσθη.
767 2035 803 2100 Μ
824 2041 855 2101 et
874 2037 903 2100 G
922 2034 1166 2116 ἐμασχαλίσθης,
1189 2033 1356 2102 Robortel·

332 2156 381 2221 lus
413 2152 642 2235 ἐμασχαλίσθη,
672 2155 775 2220 nescio
808 2159 909 2219 utrum
941 2155 1103 2218 emendans
1134 2175 1172 2217 an
1202 2176 1219 2217 e
1245 2153 1357 2220 codice

336 2297 402 2340 suo.
447 2273 549 2340 Etiam
573 2272 737 2338 scholiasta
761 2272 871 2360 legisse
894 2274 1015 2338 videtur
1038 2271 1259 2354 ἐμασχαλίσθη.
1295 2273 1356 2340 Est

337 2397 436 2458 antem
460 2391 663 2474 μασχαλίζεα
686 2398 833 2458 extremas
858 2393 993 2478 corporis
1019 2397 1119 2479 partes
1141 2397 1299 2479 amputare
1323 2399 1356 2458 et

332 2511 390 2578 sub
412 2512 507 2576 occisi
527 2511 630 2576 axillis
650 2511 847 2598 suspendere:
871 2511 982 2577 Suidas
1005 2511 1038 2576 id
1062 2511 1099 2576 ad
1124 2511 1224 2576 caedis
1247 2512 1355 2597 capia-

332 2631 446 2696 tionem
476 2629 660 2716 pertinuisse
692 2629 788 2706 dicit,
820 2629 912 2715 idque
943 2631 1106 2694 convenire
1134 2629 1256 2694 videtur
1280 2651 1353 2694 cum

333 2748 499 2834 Apollonio
522 2747 663 2826 Rhodio,
691 2748 728 2812 L.
751 2747 801 2812 IV
825 2751 888 2814 477
916 2747 953 2812 de
975 2748 1089 2812 Jasone
1111 2748 1144 2812 in
1168 2747 1260 2814 caede
1283 2747 1351 2814 Ab·

334 2869 429 2953 syrti:

467 2983 537 3066 ίίρως
559 2984 584 3051 δ’
599 2985 750 3061 Λίσσνίδης
772 2982 938 3063 ἕξθχματα
960 2983 1056 3063 σθμνε
1078 2983 1217 3059 θανόντος.

331 3106 446 3170 Verum
470 3103 529 3169 hoc
552 3105 619 3169 loco
642 3105 837 3170 lacerationis
864 3108 895 3168 et
919 3105 1137 3190 amputationis
1160 3106 1353 3171 contumelia
1467 3097 1468 3118 ¹

332 3224 534 3312 significatur.
565 3223 714 3288 Similiter
731 3223 812 3308 apud
829 3221 921 3309 Soph.
941 3221 989 3286 El.
1007 3226 1073 3286 444
1096 3223 1133 3288 de
1155 3223 1259 3288 eodem

691 3341 799 3421 ἄτιμος
818 3339 893 3407 cirre
916 3341 1059 3421 δυσμενὴς

559 3460 781 3540 ἐμασχαλίσθη.

332 3578 379 3643 Cf.
404 3577 516 3663 Virgil.
540 3579 615 3644 Aen.
641 3578 689 3644 VI
713 3581 787 3642 494.
918 3575 926 3584 “

378 3698 452 3760 440.
497 3695 526 3760 δέ
545 3697 578 3774 μ’
596 3699 632 3770 ὡς
655 3694 714 3762 rob'
737 3697 821 3779 εἰδῇς.
870 3696 905 3762 Μ
927 3694 956 3760 δὲ
979 3695 1204 3774 coacervatae,
1223 3697 1254 3762 G
1271 3699 1356 3764 idem

332 3815 530 3900 conjunctim.
576 3816 690 3902 Recepi
717 3815 959 3884 emendationem
982 3815 1188 3903 probabilem,
1212 3816 1250 3880 ab
1270 3817 1356 3884 Her-

333 3956 444 3998 manno
467 3935 598 4000 maxime
620 3936 879 4001 commendatam:
906 3936 1106 4021 nequeenim
1131 3936 1223 4000 nimis
1246 3936 1355 4004 differt

333 4076 350 4119 a
374 4054 542 4140 scriptura,
573 4058 603 4117 et
626 4056 778 4120 sententia
801 4060 873 4140 apta
895 4053 970 4119 huic
992 4055 1061 4120 loco
1084 4059 1147 4132 est,
1166 4056 1355 4122 conveniens

335 4173 435 4244 versui
460 4175 534 4243 443.
570 4172 684 4245 Tamen
703 4177 827 4266 propter
846 4174 922 4240 mire
941 4178 1147 4266 portentosam
1167 4175 1352 4266 scripturam
