2972 4974
351 491 412 553 1⁷2
755 507 952 554 unnors'no.

392 693 466 756 900.
511 689 566 753 del.
611 689 663 755 Sic
687 689 730 754 M.
777 691 814 754 lu
840 692 868 756 G
892 690 928 755 δὲ.
975 690 1071 758 Multi
1100 693 1229 758 editores
1251 693 1292 766 δὴ,

392 813 464 874 900.
510 814 565 873 ποῶ
589 808 636 872 aar
660 807 700 874 τιδ
722 809 820 874 λοιπὰ.
867 809 1020 894 Staulejus
1053 811 1184 896 conjecit
1216 818 1270 876 ποῶ
1297 810 1361 885 διὰ,

345 927 460 1002 eduen,
484 927 532 992 τῶ.
565 926 1070 1003 Β1000010000οῶδῆτιο0οιτῶ.
1112 929 1220 996 Verum
1245 929 1361 1013 reliqua

347 1047 469 1112 oracula
491 1050 579 1122 sunt,
610 1069 685 1132 quae
709 1047 746 1110 ad
769 1046 1023 1133 Clytaemnestrae
1046 1049 1166 1114 caedem
1189 1050 1358 1135 pertinent,

346 1189 440 1252 quum
474 1189 523 1243 ea,
564 1187 639 1250 quae
674 1164 854 1252 Aegisthum
898 1167 981 1232 caedi
1012 1167 1194 1252 jussissent,
1229 1169 1362 1254 perlecta

346 1289 453 1350 essent.

392 1406 464 1467 901.
510 1402 603 1468 arunde
626 1399 657 1466 δ’.
704 1401 873 1467 Scholiasta
905 1403 1071 1490 significari
1103 1405 1256 1469 existimat
1276 1405 1360 1490 jore-

342 1521 487 1606 juranda,
509 1543 585 1606 quae
604 1521 684 1584 inter
705 1543 736 1584 re
752 1520 874 1586 Orestes
898 1527 928 1586 et
944 1522 1073 1607 Pylades
1097 1522 1243 1588 dederint.
1267 1523 1361 1594 Quod

347 1663 407 1706 non
430 1640 536 1717 eredo,
560 1639 612 1706 sed
637 1638 775 1704 Orestem
794 1640 912 1725 jurasse
937 1641 1002 1706 Deo
1031 1641 1178 1728 Apollini.
1225 1643 1284 1706 Cui
1309 1667 1360 1706 ex-

346 1759 505 1846 plicationi
529 1757 618 1821 etiam
643 1760 799 1842 sequentia
824 1760 1018 1824 conveniunt.

391 1881 463 1941 902.
509 1877 542 1941 Si
566 1897 625 1940 non
645 1877 825 1954 interficies,
851 1877 948 1944 Deum
966 1879 1138 1966 Apollinem
1160 1877 1282 1942 hebebis
1302 1880 1362 1944 ini-

348 1997 478 2061 mioum:
514 2000 546 2059 00
571 2017 640 2060 vero
665 1999 809 2072 cunctos,
838 2001 869 2059 et
902 1995 949 2061 vel
972 1998 1066 2083 ipsam
1092 2003 1232 2072 matrem,
1257 1998 1361 2084 potius

347 2114 422 2179 habe
445 2114 586 2180 inimicos
607 2135 697 2198 quam
721 2113 813 2178 Deos.

392 2236 464 2297 905.
510 2230 652 2313 κρείσσον’.
700 2231 785 2296 Libri
809 2231 940 2312 κρέσσον’.

392 2356 465 2418 908.
510 2350 568 2428 ξὺν.
614 2353 708 2418 Reate
732 2352 939 2417 emendatum:
964 2351 1035 2417 libri
1059 2358 1114 2418 νῶν.
1162 2353 1265 2439 Ipsum
1291 2353 1360 2438 qui-

348 2473 413 2538 dem
438 2478 485 2538 νῶι
504 2474 626 2538 tolerari
644 2477 761 2560 posset,
786 2495 887 2538 verum
909 2473 1077 2538 emendatio
1095 2494 1272 2561 magnopere
1288 2495 1362 2536 eou-

350 2595 483 2660 firmatur
507 2615 649 2680 responso
674 2593 799 2658 Orestae
821 2592 1001 2669 ξυνοικήσεις.

393 2716 465 2777 911.
510 2716 583 2793 μοῖρ’
605 2711 762 2794 ἐπόρσυνεν.
808 2711 984 2797 Aliquando
1007 2711 1162 2788 dubitavi,
1197 2734 1234 2774 au
1257 2711 1362 2798 legeu-

348 2831 418 2896 dum
443 2833 521 2896 foret
543 2839 631 2915 μοῑριι
653 2832 791 2913 nepesine.
836 2831 896 2895 sed
927 2834 1007 2896 recte
1035 2853 1067 2895 se
1089 2829 1179 2895 habet
1201 2831 1362 2917 scriptura.

348 2953 416 3017 Jam
449 2975 510 3017 non
542 2951 663 3017 dubitat
687 2953 810 3016 Orestes
841 2926 982 3038 perficere
1014 2950 1152 3014 eaedem:
1189 2972 1259 3037 ergo
1282 2949 1363 3014 hano

347 3093 483 3156 quoque,
505 3071 622 3156 iuquit,
645 3092 721 3156 quae
743 3092 826 3134 uuno
849 3068 907 3133 tibi
929 3070 1040 3145 instat,
1064 3069 1171 3133 Fatum
1195 3069 1324 3156 paravit.

393 3194 466 3254 914.
511 3191 607 3255 Reate
627 3189 790 3254 scholiasta
809 3189 956 3275 explieat:
979 3186 1036 3252 hoo
1057 3210 1116 3253 non
1138 3187 1266 3273 abjicere
1288 3189 1364 3263 luit,

348 3331 441 3394 quum
466 3315 496 3374 00
519 3309 551 3373 in
575 3309 738 3374 amicorum
763 3310 884 3373 domum
907 3308 985 3372 misi.

393 3431 465 3493 915.
511 3427 623 3499 ἀδίκως.
669 3428 756 3492 Libri
778 3426 890 3493 hebent
912 3426 1009 3507 διχῶς.
1045 3426 1134 3498 Quod
1159 3427 1363 3513 interpretan-

349 3551 417 3610 tur:
440 3546 545 3623 semel,
568 3567 662 3630 quum
685 3568 732 3609 me
757 3546 845 3609 domo
868 3545 1000 3629 ejecisti,
1023 3545 1131 3609 iterum
1156 3567 1243 3623 vero,
1266 3567 1361 3630 quum

347 3671 462 3751 patrem
484 3687 581 3730 meum
615 3662 757 3728 occidisti
785 3669 816 3728 00
839 3685 902 3727 mee
927 3662 1005 3728 bona
1029 3663 1194 3749 oeoupasti.
1240 3663 1362 3735 Quodsi

348 3783 436 3864 διχῶς
466 3783 657 3848 retinendum
682 3785 739 3860 sit,
762 3781 863 3846 mslirn
889 3781 1102 3868 interpretari:
1126 3782 1269 3846 seorsim:
1294 3783 1313 3845 i.
1338 3805 1361 3846 e.

348 3901 491 3989 expulsus
523 3925 587 3966 sum
623 3909 653 3966 et
686 3901 847 3966 venditus:
883 3902 963 3979 sive,
993 3905 1029 3964 ut
1060 3899 1228 3966 Ahreusius
1252 3901 1361 3977 vertit,

347 4043 470 4108 peregre
505 4021 646 4086 venditus
680 4045 763 4086 sum:
797 4025 833 4086 ut
861 4021 940 4085 idern
973 4021 1014 4085 sit
1044 4018 1132 4100 διχῶς
1162 4019 1243 4105 quod
1267 4017 1360 4099 δίχα,

348 4141 499 4226 quomodo
521 4147 627 4222 τριχῶς
651 4147 681 4206 00
704 4142 796 4222 τρίχιι
818 4141 897 4205 idem
917 4140 1101 4226 significant.
1148 4139 1262 4205 Verum
1285 4161 1358 4203 oon·

344 4261 404 4346 jeai
428 4260 619 4328 scribendum
648 4283 711 4326 esse
740 4259 861 4337 ἀδίκως,
892 4259 983 4346 idque
1014 4259 1145 4348 recipere
1167 4281 1259 4324 ausus
1282 4281 1357 4322 sum.
