2974 4982
539 495 739 543 asnornrro.
1075 483 1137 545 159

174 685 248 748 757.
294 679 450 762 αὐτάρκης.
498 680 602 745 Animi
630 680 820 762 otrapun'av,
848 704 945 747 veram
969 681 1139 747 libertatem

127 801 313 885 virtutisque
331 801 463 876 sontem,
481 798 550 883 jure
569 797 742 886 philosophi
760 800 1023 866 commendarunt:
1037 823 1138 866 verum

125 920 159 984 in
193 919 363 984 infantibus
395 923 424 982 et
451 917 509 982 sibi
540 923 570 982 et
603 919 739 1005 partibus
770 920 833 984 unis
863 921 990 1008 imperat
1021 923 1140 985 venter:

125 1061 247 1124 quoque
272 1038 361 1103 modo
384 1039 528 1124 sapientis
553 1039 609 1102 viri
631 1039 750 1104 animus
770 1062 833 1104 non
852 1041 1020 1127 eupiditate
1039 1040 1139 1124 aliqua

126 1181 143 1221 a
165 1158 323 1245 proposito
350 1156 529 1234 abducitur,
552 1158 598 1220 sie
620 1164 727 1222 eontra
750 1158 797 1224 illi
821 1163 916 1224 rentn'
942 1160 1060 1224 ratione
1076 1180 1138 1222 non

124 1277 280 1363 indigenti
306 1276 463 1363 cupiditas
486 1281 532 1340 est
555 1277 716 1342 sufficiens.

172 1397 245 1460 760.
291 1393 415 1478 τροφεύς
438 1419 481 1460 τε.
525 1395 574 1459 Ita
593 1395 686 1459 Turn.
710 1402 740 1459 et
760 1396 802 1460 R:
824 1395 858 1460 M
875 1395 1017 1478 στροφεύς
1037 1394 1140 1472 τε,(1

126 1513 238 1578 simile.

173 1637 248 1698 762.
298 1632 397 1712 πατρί.
446 1632 536 1697 Ηοιιι.
559 1631 597 1696 Il.
620 1632 648 1696 Ο
673 1636 714 1695 88
739 1632 863 1711 Θέμιστι
889 1633 918 1696 δὲ
941 1633 1021 1698 δέκτο
1041 1633 1140 1706 δέπας.

175 1755 250 1818 764.
296 1753 415 1832 στείχω.
461 1751 558 1816 InM
581 1749 714 1831 στείχων.

177 1875 251 1936 765.
298 1869 384 1934 τῶνδε
418 1907 461 1920 -·-
491 1869 595 1946 λόγων.
642 1870 694 1933 Sic
728 1869 806 1934 libri.
852 1871 1018 1935 suavitatis
1052 1893 1141 1936 causa

129 1989 181 2054 alii
205 1994 363 2053 mutarunt
384 1990 417 2052 in
441 1987 521 2052 τόνδε
543 2027 586 2036 -
608 1988 703 2065 λόγον.
749 1988 835 2060 Quae
863 2011 953 2054 nausa
976 1995 1022 2054 est
1043 1989 1140 2055 lubri-

129 2131 178 2187 ca,
209 2107 382 2196 praesertim
414 2107 691 2194 pronuntiationem
722 2108 955 2194 ignorantibus:
989 2114 1140 2196 praeterea

128 2247 191 2292 non
221 2228 312 2292 nimis
343 2227 493 2313 elegantia
524 2227 670 2292 orationis
700 2226 734 2290 in
765 2227 906 2292 indoctae
927 2228 1058 2294 nutricis
1081 2251 1142 2294 ser-

127 2369 216 2412 mone
238 2347 407 2433 quaerenda
429 2352 484 2413 est.

173 2471 245 2532 767.
291 2465 308 2542 >l
334 2473 403 2538 πῶς.
439 2467 523 2532 Νιιιιι
544 2486 648 2552 rogas,
671 2465 822 2550 quomodo
841 2465 930 2531 illurn
952 2466 1138 2534 instructum

130 2587 230 2650 venire
249 2585 377 2670 jubeat?
412 2585 484 2650 Sine
508 2607 598 2650 cansa
622 2590 779 2650 mutarunt
803 2584 855 2648 alii
870 2583 947 2657 ὅπως
963 2586 1009 2651 vel
1024 2585 1055 2652 τί
1071 2591 1138 2659 πῶς.

175 2709 246 2770 768.
292 2705 316 2769 si
340 2702 398 2780 ξὺν.
445 2703 613 2768 Turnebus.
654 2702 1040 2782 λΙιι(1ιι111ι1ξὺιι,1ιι
1065 2703 1141 2782 Μῆ

131 2819 188 2898 Eur.
234 2823 376 2887 Fortasse
400 2821 416 2897 ἢ
441 2822 631 2886 retinendum
655 2828 736 2886 erat:
761 2821 798 2886 cf.
822 2821 859 2886 ad
883 2828 900 2888 7
906 2827 956 2886 56.

175 2945 248 3007 770.
295 2940 434 3006 δεσπότου
457 2941 572 3018 στύγει.
607 2939 777 3005 Scholiasta
793 2939 901 3005 habet:
923 2943 964 3024 τῷ
980 2943 1140 3025 μισουμένῳ

132 3057 177 3122 ὑπ’
211 3057 439 3138 Ἀγαμέμνονος.
486 3059 524 3123 ld
563 3058 697 3124 defendit
732 3059 932 3136 Klausenius‚
966 3081 1140 3147 comparans

132 3181 214 3242 1028
237 3179 304 3243 θεῶν
328 3179 446 3255 στύγος.
484 3179 592 3243 Potius
616 3183 716 3242 tamen
740 3179 887 3244 assentior
911 3179 1064 3264 Stanlejo‚
1088 3202 1140 3266 per

130 3298 346 3384 appositionem
371 3296 488 3362 dictum
513 3298 650 3384 putanti,
673 3304 709 3362 ut
731 3297 867 3375 Αἰγίσθου
889 3296 947 3376 βίαι
970 3302 1043 3363 893.

173 3421 246 3482 777..
290 3414 429 3497 τάχιστα
450 3417 588 3498 rasonis.
634 3417 685 3481 Ita
708 3416 887 3482 Turnebus:
920 3417 992 3481 libri
1014 3415 1139 3497 τάχιστ’

129 3535 285 3618 systolen.
330 3534 395 3601 Alii
421 3535 555 3618 γηθούσῃ.
604 3535 797 3600 Hermannus
828 3533 858 3613 γ’
882 3536 1007 3619 εὑδούσῃ.
1054 3535 1140 3608 Quae

130 3656 249 3740 quidem
269 3656 399 3719 mutatio
420 3656 543 3720 minime
563 3655 730 3720 sententiae
750 3657 913 3721 convenit:
935 3655 1016 3720 laeto
1038 3655 1140 3720 animo

130 3796 190 3839 esse
212 3774 365 3838 nutricem
391 3772 510 3837 Chorus
533 3773 632 3857 jubet,
656 3774 853 3860 perferentem
872 3773 1028 3838 mandata:
1048 3774 1140 3858 idque

133 3894 236 3957 mirata
258 3892 312 3956 ills
332 3891 465 3957 Chorum
486 3898 587 3978 rogat,
609 3913 648 3955 an
669 3892 733 3978 ipse
745 3891 874 3957 laetetur
885 3898 1004 3956 recente
1016 3893 1139 3958 nuncio.

173 4016 245 4078 773.
291 4010 419 4091 ὀρθοῦται
451 4009 548 4087 λόγος.
606 4011 656 4075 lta
689 4031 794 4075 versus
827 4012 988 4076 restitutus
1022 4016 1068 4074 est
1101 4033 1138 4078 es

133 4129 291 4196 Eustathio
314 4129 351 4193 ad
375 4129 413 4194 Il.
438 4129 466 4193 O
491 4132 570 4206 207,
592 4128 748 4194 tribuente
770 4135 873 4193 tamen
897 4151 962 4206 enm
989 4127 1139 4215 Euripidi.

132 4250 169 4314 In
190 4250 277 4316 libris
299 4250 411 4333 dptoo'sp
433 4248 534 4334 φρενὶ,
558 4254 639 4314 certe
662 4271 678 4312 e
702 4271 789 4314 versu
805 4249 1008 4336 praecedente.
1034 4248 1139 4336 Signi·
