2972 4974
263 499 325 562 158
668 513 870 562 eunonium.

306 700 378 765 ⁷54.
422 696 516 778 τρθιτςι
541 694 651 781 Φρενθς.
699 695 801 762 Habet
832 694 905 762 haec
936 695 1031 762 dictio
1062 698 1195 783 aliquam
1221 721 1274 764 ex-

261 816 394 904 plicandi
419 816 636 882 difficultatem.
667 813 839 880 Scholiasta
862 815 939 880 mule
961 815 1093 903 explicat
1115 817 1275 901 ἐπιμελείᾳ

261 941 374 1016 ψυχῆς.
420 933 588 1000 Ahncueiue
612 935 721 1000 vertit:
745 957 782 1000 ex
806 935 923 1021 ingenii
945 935 1068 1000 indole:
1096 935 1275 1023 intelligens

261 1054 417 1141 ingenium
441 1054 533 1141 pueri.
569 1051 740 1138 Stanlejun:
759 1054 886 1140 provide
900 1055 1034 1132 ratione,
1049 1055 1272 1120 cumconsilio.

262 1172 436 1260 Appellevit
455 1173 558 1238 nutrix
576 1193 700 1258 puerum
720 1173 763 1250 μὴ
782 1176 917 1253 Φρνννῦν,
938 1173 1034 1258 igitur
1051 1172 1139 1238 illum
1152 1175 1271 1240 nutrire

262 1313 324 1356 nou
350 1292 452 1378 potuit
477 1291 521 1356 itu
548 1295 583 1355 ut
604 1291 670 1374 ejus
694 1295 824 1358 mentem
843 1290 1050 1378 intelligeret:
1072 1313 1169 1376 neque
1192 1294 1271 1358 enim

261 1411 398 1496 loquitur
425 1409 544 1474 infans:
579 1430 651 1496 ergo
685 1430 752 1473 eum
788 1409 866 1474 alere
889 1409 996 1476 debuit
1019 1433 1081 1476 non
1104 1411 1270 1476 secundum

262 1532 391 1596 mentem
415 1528 496 1613 ejus,
522 1527 573 1592 sed
601 1549 682 1594 more
705 1529 831 1607 mentis3
854 1527 957 1609 τρόπις
981 1529 1083 1611 Φρενὸς
1107 1529 1273 1616 opponitur

262 1649 321 1734 ipsi
344 1647 442 1731 φρενὶ,
463 1668 522 1732 que
546 1649 627 1710 caret
650 1647 769 1712 infans:
792 1668 947 1732 quumque
970 1653 1070 1714 temen
1089 1671 1151 1713 non
1172 1652 1272 1714 careat

263 1765 419 1832 voluntate
446 1772 476 1830 et
504 1766 666 1852 cupidine,
689 1764 779 1830 hehet
802 1766 942 1850 aliquam
957 1767 1070 1832 mentis
1093 1767 1272 1832 similitudi-

262 1907 348 1958 nem,
370 1904 461 1967 quam
490 1882 684 1965 conjiciendo
711 1881 848 1950 debuerit
871 1885 977 1950 nutrix
1004 1887 1158 1971 consequi.
1204 1885 1273 1950 Hoc

266 2005 361 2090 igitur
384 2002 561 2090 significet:
583 2024 708 2088 puerum
733 2007 833 2068 mente
853 2011 1003 2070 carentem
1023 2005 1141 2070 nutrire
1155 2009 1273 2092 oportet

262 2122 350 2208 quasi
373 2125 504 2186 mentem
531 2118 662 2186 haberet.

307 2245 380 2307 756.
425 2238 550 2318 ἢλιμθς
574 2238 591 2314 ἢ
615 2237 685 2319 δίψη
707 2263 761 2311 τις.
806 2240 859 2304 Sic
881 2239 915 2304 iu
937 2237 1034 2306 libris.
1079 2240 1231 2325 stanlejus
1248 2225 1272 2304 ei

261 2358 348 2438 λιμὸς
372 2359 388 2434 ἢ
412 2357 481 2439 δίψη
505 2381 568 2432 τις,
594 2357 775 2423 Dindorfius
798 2357 815 2432 ἢ
837 2357 923 2436 λιμὸς
947 2358 964 2435 ἢ
987 2357 1049 2440 θθψ’
1067 2355 1094 2424 el
1110 2383 1171 2434 τις,
1195 2358 1273 2424 Her·

263 2499 390 2544 mannus
413 2478 436 2543 εἰ
459 2477 544 2556 λιμὸς
567 2477 584 2554 ἢ
607 2475 730 2557 didonem.
776 2475 835 2541 Sed
858 2481 940 2542 recte
963 2477 1157 2544 Welleuerus
1178 2477 1272 2542 libro-

261 2619 329 2662 rum
359 2597 540 2683 scripturam
571 2596 723 2675 defendit,
753 2597 879 2662 afferens
901 2603 965 2661 tum
990 2596 1065 2674 elia,
1087 2601 1154 2662 tum
1181 2596 1273 2662 Hom.

263 2714 300 2780 ll.
322 2719 352 2780 A
377 2718 439 2779 189

796 2831 969 2914 telleneu

374 2952 390 3028 ἢ
414 2949 466 3030 lys
488 2950 645 3035 φάσγανον
667 2949 717 3028 ὀξὺ
740 2949 930 3032 ἐρυσσάμενος
954 2950 1037 3033 nepe
1058 2957 1148 3033 μηροῦ

373 3070 439 3144 τοὺς
462 3070 516 3149 μὲν
537 3071 744 3148 ἀναστήσειεν,
769 3071 782 3136 ὅ
805 3069 828 3135 θ’
851 3068 1001 3152 Ἀτρείδην
1022 3069 1157 3152 ἐνιιρθξνι,

375 3189 406 3265 ἠὲ
426 3189 517 3270 χόλον
539 3189 686 3255 παύσειεν.

262 3308 366 3394 Eurip.
390 3307 471 3374 Med.
498 3311 562 3372 489

669 3425 727 3492 οὐδ’
751 3425 812 3508 ἔχιν
835 3427 938 3505 neten

376 3547 393 3622 il
416 3544 493 3617 θεοὺς
516 3544 636 3626 νομίζεις
659 3545 725 3618 τοὺς
747 3544 810 3611 τότ’
832 3548 883 3612 οὐκ
905 3544 1008 3628 ἄρχειν
1031 3544 1090 3622 ἔτι,

374 3664 391 3740 ἢ
414 3664 501 3730 κιιινθι
523 3666 632 3731 κεῖσθαι
655 3664 736 3744 dicu*
759 3667 788 3731 ἐν
811 3665 961 3747 ἀνθρώποις
984 3670 1084 3732 νιινῡν.

263 3789 294 3848 et
316 3782 461 3868 Aeschyli
485 3785 517 3848 in
541 3783 596 3848 hac
618 3784 684 3871 ipse
706 3783 807 3850 fabula
831 3788 894 3850 890

485 3903 600 3982 εἰδῶμεν
623 3903 640 3979 ἢ
664 3908 783 3982 νικῶμεν
806 3903 823 3979 ἢ
846 3903 994 3982 νικώμεθα.

308 4027 380 4090 756.
425 4021 569 4102 λιψονρθιι.
616 4021 681 4086 Alii
703 4020 958 4086 humectationem
979 4020 1144 4108 significari
1161 4019 1269 4084 existi·

262 4148 363 4220 ment,
393 4141 563 4206 derivantes
593 4140 756 4219 νιλεθβεινι
780 4143 908 4206 fortasse
933 4146 1021 4206 reete.
1067 4139 1181 4206 Temen
1205 4137 1269 4204 He-

263 4261 388 4348 sychius
411 4261 499 4328 habet
521 4261 596 4342 λίψ,
620 4261 767 4341 lculenta.
