2956 4974
505 491 769 538 mauaaanuauuo
800 493 934 540 narras.
1181 481 1222 540 59

216 701 285 745 aero
307 685 343 744 ut
365 677 487 743 occulat
509 674 582 740 haee
606 699 669 740 mea
692 677 861 764 proposita:
893 682 945 754 ut,
967 697 1059 760 quum
1085 677 1155 742 dolo
1179 677 1224 742 vi·

216 819 281 862 rum
305 796 506 863 venerandum
530 795 754 871 interfecerint,
778 793 848 858 dolo
870 795 959 859 etiam
976 796 1056 880 eapti
1071 797 1105 859 in
1120 793 1222 860 eodem

214 917 322 1002 laqueo
356 917 542 980 moriantur:
576 913 728 998 quomodo
762 914 852 978 etiarn
885 914 1000 978 Lusias
1035 913 1116 977 dixit
1150 914 1224 979 deus

215 1033 342 1121 apollo,
374 1040 457 1099 vates
487 1031 614 1097 antehac
648 1053 746 1096 verus.
791 1032 871 1096 Nam
906 1032 1063 1119 peregrino
1098 1032 1300 1110 similis‚560

216 1153 359 1237 omnique
382 1151 507 1216 viatoris
531 1157 640 1214 ornatu
663 1149 806 1227 indutus,
829 1150 945 1214 veniam
963 1151 1001 1214 ad
1021 1149 1105 1215 aulae
1121 1156 1224 1237 portas

216 1293 284 1336 oum
307 1269 366 1335 hoe
389 1269 519 1355 Pylade,
538 1272 574 1333 ut
596 1266 704 1355 hospes
722 1273 752 1332 et
772 1269 888 1334 amicus
912 1267 1027 1334 domus.
1051 1268 1151 1332 Ambo
1172 1291 1224 1334 vo-

217 1411 279 1455 oem
316 1391 489 1454 emittemus
524 1386 717 1465 Parnasiam,
761 1385 883 1474 linguae
916 1409 1023 1451 sonum
1058 1385 1225 1453 Phocensis

216 1507 336 1572 imitati.
371 1505 492 1579 Quodsi
514 1509 613 1569 autem
633 1505 802 1590 janitorum
825 1527 913 1569 nemo
935 1527 1039 1570 serena
1055 1511 1153 1571 mente
1168 1527 1226 1572 nos

217 1626 359 1712 recipiet,
388 1622 635 1710 quandoquidem
660 1623 767 1688 domus
789 1623 905 1687 insanit
927 1623 1141 1710 pravitatibus,
1163 1647 1226 1689 ma-

217 1741 354 1808 nebimus
383 1743 443 1819 ita,
473 1746 508 1806 ut
530 1741 641 1827 aliquis
665 1741 788 1805 domum
810 1742 994 1827 praeteriens
1017 1747 1147 1807 mentem
1172 1743 1226 1808 ad-

218 1866 315 1926 vertet
343 1867 374 1925 et
405 1859 477 1924 haec
510 1859 607 1924 dicat:
636 1880 730 1943 quare
759 1858 880 1924 tandem
907 1860 1036 1945 ajanua
1059 1859 1227 1947 supplicem

218 1977 385 2066 Aegisthus
408 1983 507 2054 arcet,
531 1978 556 2042 si
581 1976 705 2061 quidem
730 1976 810 2041 domi
834 1999 975 2064 praesens
997 1984 1043 2043 est
1064 1984 1095 2044 et
1115 1979 1225 2045 novit?
1239 1984 1302 2049 570

219 2099 252 2162 Si
276 2119 345 2163 vero
364 2097 449 2162 aulae
472 2097 564 2162 limen
583 2096 695 2181 januae
715 2102 922 2183 transgressus
942 2119 1009 2177 ero,
1026 2098 1175 2184 illumque
1193 2099 1226 2163 in

220 2215 291 2280 sella
309 2217 413 2303 petris¹
425 2214 577 2280 sedentem
598 2215 764 2290 inveniam,
784 2217 946 2281 autetiam
965 2217 1083 2282 obviam
1102 2218 1228 2283 veniens

220 2357 237 2400 a
265 2334 365 2400 fronte
394 2333 470 2398 mihi
501 2334 622 2400 attollet
647 2335 789 2421 deinceps
813 2333 919 2399 oculos
943 2337 1028 2400 etin
1054 2359 1099 2402 me
1122 2337 1228 2401 oculos

221 2454 379 2539 conjiciet:
398 2452 486 2518 crede
505 2451 600 2529 mihi,
617 2452 793 2540 priusquam
814 2451 910 2516 dicat:
931 2453 1012 2518 unde
1030 2453 1082 2518 hic
1094 2453 1226 2542 hospes?

221 2577 371 2636 mortuum
395 2570 535 2650 reddam,
559 2572 802 2636 circumventum
825 2573 904 2637 lerro
927 2571 1025 2636 celeri.
1060 2572 1230 2659 andisque

222 2687 352 2774 Erinnys
374 2711 436 2753 nou
459 2689 601 2775 indigens
626 2688 710 2754 hibet
732 2691 857 2754 tertium
883 2691 954 2754 meri
967 2691 1125 2776 sanguinis
1139 2689 1229 2756 haus·

221 2811 293 2872 tum.
335 2807 430 2872 Nunc
462 2827 534 2872 vero
555 2811 592 2872 tu
615 2807 740 2892 quidem
765 2815 847 2873 recte
871 2829 958 2873 cures
981 2829 1058 2894 quae
1080 2811 1114 2873 in
1138 2809 1228 2874 domo

222 2925 350 3012 gerenda
381 2930 467 3003 sunt,
497 2932 533 2991 ut
556 2947 691 3014 congrue
713 2926 786 2992 haec
810 2928 958 2992 eveniant.
994 2927 1058 2992 Vos
1082 2949 1152 2993 vero
1175 2928 1304 2992 aad-580

223 3043 326 3111 hortor
348 3051 383 3109 ut
405 3045 532 3110 faveatis
554 3044 686 3132 linguis,
709 3051 740 3110 et
764 3045 879 3110 sileatis
900 3045 952 3111 ubi
970 3051 1106 3134 oportet,
1125 3051 1155 3112 et
1175 3069 1229 3134 op-

222 3169 351 3252 portuna
379 3164 497 3230 dicatis.
543 3163 673 3251 Reliqua
705 3164 787 3230 hunc
819 3187 927 3230 moneo
957 3173 992 3232 ut
1020 3165 1081 3230 huo
1112 3185 1227 3232 mecum

222 3283 332 3350 vadens
355 3289 457 3362 curet,
470 3281 604 3368 mihique
639 3305 789 3349 armorum
813 3283 926 3372 proelia
948 3283 1102 3372 provehat.

637 3521 820 3587 Ouoaus

268 3759 369 3824 Multa
389 3758 511 3843 quidem
543 3782 559 3824 e
589 3764 669 3824 terra
698 3763 881 3846 proveniunt
911 3759 1061 3826 horrenda
1081 3761 1231 3848 multique

227 3878 365 3944 timorum
389 3877 525 3942 dolores:
560 3883 591 3942 et
621 3878 725 3966 anguli
757 3880 848 3944 maris
878 3879 984 3966 repleti
1015 3885 1088 3944 sunt
1110 3881 1230 3945 infestis

227 3999 395 4064 mortalium
426 3999 531 4086 generi
563 3997 691 4063 belluis:
726 3998 848 4065 aluntur
882 4001 971 4064 etiam
1003 4001 1082 4064 iuter
1112 3999 1229 4064 coelum

227 4127 391 4206 terramque
421 4118 562 4184 sublimia
592 4119 730 4206 fulgura:
762 4119 895 4184 volantia
925 4125 956 4184 et
986 4119 1134 4206 pedestria
1165 4120 1305 4184 ani-590

228 4235 327 4318 melia,
349 4243 380 4303 et
402 4241 595 4304 sentosarum
616 4242 829 4326 tempestatum
861 4239 935 4303 iram
959 4239 1071 4326 aliquis
1092 4259 1231 4304 narrave-
