2972 4974
321 515 383 576 138
720 531 919 578 amuorarro.

320 716 392 780 vino
421 736 483 778 non
514 735 594 779 mero
624 714 675 780 sed
707 719 871 802 temperato
894 713 1066 780 utebantur.
1112 717 1159 781 Eo
1181 719 1341 804 respicere

320 833 408 900 credo
443 835 599 899 Orestem:
637 834 761 899 tertium
795 835 847 899 ille
882 836 954 900 meri
991 837 1149 922 sanguinis
1184 837 1340 904 haustum

319 953 449 1039 Erinuyi
472 952 604 1018 tribuere
629 951 709 1029 vult,
732 955 817 1037 quasi
842 975 898 1017 suo
916 953 978 1038 jam
997 954 1105 1040 genio,
1124 977 1222 1040 neque
1240 957 1340 1022 illum

319 1072 493 1149 modicum,
524 1071 675 1158 quomodo
703 1073 736 1136 in
767 1073 916 1138 conviviis
938 1071 1018 1138 bono
1043 1074 1108 1138 Deo
1130 1075 1229 1138 facere
1253 1075 1342 1140 sole-

320 1190 409 1268 bant,
428 1190 479 1254 sed
500 1192 671 1277 copiosum,
690 1193 748 1271 οὐχ
767 1191 1004 1273 ὑπεσπανισμένη
1025 1192 1120 1273 Φόνου.
1151 1193 1342 1280 Respondet

320 1307 371 1372 hic
405 1306 558 1372 vindictae
591 1309 717 1395 spiritns
751 1308 874 1374 sceleri:
908 1332 977 1373 nam
1009 1310 1084 1374 dnos
1115 1310 1195 1375 ictus
1218 1312 1342 1377 intulit

319 1426 559 1512 Clytaemnestra
602 1429 838 1513 Agamemnoni:
872 1427 984 1512 quibus
1018 1428 1071 1493 ille
1102 1429 1229 1494 cecidit:
1266 1437 1341 1496 tum

319 1567 406 1622 vero,
427 1551 463 1611 ut
483 1546 547 1632 ipsa
570 1547 768 1624 vociferatur,
792 1551 897 1634 Agara.
918 1549 1003 1612 1385

826 1664 992 1730 πεπανώπν

497 1783 593 1864 πρίπνν
617 1783 802 1862 ἐπενδίδωμι,
825 1789 876 1850 τοῦ
898 1784 980 1849 κατὰ
1001 1785 1102 1864 χθονὸς

493 1901 593 1968 ’Ἃιδου
617 1907 717 1983 νεκρῶν
739 1911 861 1983 σωτῆρος
884 1903 1023 1968 εὐαπα1αν
1045 1902 1142 1984 χάριν.

319 2022 445 2088 Mortuo
475 2029 625 2108 praeterea
656 2024 779 2088 tertium
808 2025 903 2088 ictum
926 2022 1037 2099 intuli,
1061 2022 1205 2087 adorandi
1229 2027 1340 2110 gratia

318 2142 495 2220 Plutonem,
526 2142 580 2226 qui
608 2143 641 2205 in
664 2142 770 2206 inferis
793 2146 981 2208 mortuorum
1006 2148 1141 2209 servator
1163 2147 1217 2207 est.
1267 2143 1339 2210 Ubi

315 2260 414 2339 “manc
444 2263 536 2344 πατὴρ
567 2262 732 2348 appellatur
755 2262 918 2328 alludendo
940 2263 979 2342 ad
1001 2263 1109 2328 Jovem
1133 2270 1338 2330 servatorem.

316 2379 418 2446 Iltiam
442 2381 544 2459 Plato,
559 2380 675 2446 Phileb.
696 2385 736 2444 66
758 2381 785 2444 Β
803 2379 836 2445 τὸ
851 2380 944 2462 τρίταν
962 2384 1003 2463 τῷ
1018 2391 1130 2463 σωτῆρι.
1154 2381 1201 2446 Ol.
1215 2382 1337 2448 Blomf.

317 2499 355 2564 ad
378 2499 407 2563 h.
429 2499 449 2564 l.
473 2505 503 2564 61
525 2501 562 2564 ad
588 2503 694 2586 Agam.
718 2504 780 2564 245
806 2504 836 2563 et
860 2503 954 2564 1385.

362 2622 434 2684 579.
480 2623 528 2684 νῦν
550 2615 603 2684 οὖν.
650 2618 685 2682 Μ
708 2619 760 2682 σὺν
782 2613 841 2695 οὖν,
863 2618 975 2703 reliqui
998 2617 1070 2682 libri
1093 2619 1129 2683 σὺ
1152 2615 1205 2683 οὖν.

363 2743 435 2802 582.
481 2738 527 2801 ef.
558 2739 640 2824 Sept.
673 2759 698 2801 c.
722 2736 778 2802 Th.
806 2740 869 2801 619
894 2742 924 2802 et
947 2735 1093 2821 Aeschyli
1115 2737 1223 2823 fragm.
1247 2740 1339 2826 apud

318 2856 527 2921 Hermannum
549 2860 630 2932 221,
654 2857 733 2942 apud
758 2855 952 2920 Dindorfium
980 2859 1051 2919 188.

362 2978 435 3038 583.
480 2974 570 3054 τούτῳ
600 2973 680 3054 δεῦρ’.
725 2974 899 3060 Significari
925 2973 1069 3058 Pyladem
1094 2973 1183 3037 facile
1207 2974 1333 3039 iutelli-

316 3071 408 3180 gitur.
454 3093 626 3180 Apollinem
670 3093 792 3177 quidem
828 3094 893 3157 sine
928 3114 1018 3156 cause
1053 3093 1194 3178 signiferi
1230 3094 1338 3158 credit

315 3213 514 3278 Wellauerus.
549 3212 742 3296 Quamquam
770 3211 892 3276 verbum
911 3211 991 3288 λέγω
1014 3216 1077 3275 tam
1097 3211 1242 3290 convenit
1263 3233 1337 3298 pre-

317 3332 403 3398 cibus
428 3353 518 3416 quam
540 3331 716 3416 imperantis
739 3329 876 3394 consilio.
914 3329 1022 3394 Utitur
1041 3327 1163 3414 quidem
1181 3352 1216 3393 cc
1237 3330 1337 3397 verbo

316 3451 439 3516 Electra
469 3451 501 3515 in
531 3447 757 3536 precibus143
782 3452 812 3512 et
837 3449 1118 3525 1166066166
1143 3451 1223 3512 456:
1248 3449 1335 3516 idem

316 3571 441 3656 ponitur
471 3569 504 3633 in
535 3567 710 3654 imperando
739 3571 818 3644 2⁷4,
843 3569 916 3631 553.
962 3566 1081 3639 Quodsi
1105 3589 1175 3632 vero
1200 3565 1229 3632 h.
1252 3566 1274 3632 l.
1299 3576 1334 3635 61

318 3693 379 3754 551
409 3687 521 3774 Apollo
549 3708 687 3773 praesens
718 3686 963 3773 compellaretur,
997 3707 1058 3750 non
1083 3707 1155 3750 sane
1177 3687 1222 3749 sic
1248 3689 1336 3753 nude

316 3807 349 3872 id
374 3810 473 3884 lieret,
501 3812 531 3871 61
554 3807 652 3892 magis
675 3807 765 3872 ctiam
794 3805 848 3869 illa
870 3806 1038 3891 praesentia
1059 3805 1232 3890 significata
1254 3807 1336 3871 fuis-

317 3931 363 3992 set
387 3931 459 3990 269.
507 3923 621 3990 Verum
650 3925 727 4005 δεῦρο
754 3924 884 4009 aliquam
909 3924 998 3988 habet
1025 3922 1255 3988 difficultatem:
1279 3948 1335 3990 ne-

317 4068 375 4131 que
400 4045 480 4110 enim
504 4045 541 4108 ad
565 4044 734 4122 tumulum,
756 4044 809 4108 ubi
834 4043 933 4108 adhuc
955 4048 1058 4118 erant,
1077 4064 1124 4106 res
1145 4044 1336 4128 perficienda

317 4172 390 4229 erat.
436 4163 551 4242 (lredo,
581 4164 737 4242 Orestem,
767 4161 839 4226 haec
871 4168 1022 4248 postrema
1053 4161 1238 4246 loquentem,
1266 4162 1332 4245 jam

316 4283 437 4349 abituro
471 4305 504 4348 se
537 4283 667 4369 gessisse
701 4282 846 4359 similem,
876 4287 1021 4366 motuque
1053 4279 1219 4357 indicasse,
1252 4281 1333 4362 δεῦρο
