2956 4974
371 539 413 600 68
664 550 929 598 rnrraeerranro
953 551 1086 596 narrum.

420 735 468 798 Or.
515 737 645 799 Amasnc
667 733 789 799 virum?
824 756 895 822 ergo
924 733 958 797 in
981 732 1084 798 eodem
1107 730 1227 796 tumulo
1246 729 1368 816 jacebis:

372 858 525 919 mortuum
550 851 630 916 haud
653 874 723 918 sane
745 874 879 938 unquam
901 852 1018 940 prodes.

421 972 484 1058 Oly.
513 971 659 1050 Abstine,
683 973 724 1036 mi
748 971 808 1050 iili,
830 975 861 1036 et
884 972 963 1036 hanc
985 993 1104 1049 verere,
1132 971 1174 1034 mi
1199 969 1260 1047 fili,
1288 989 1372 1033 mam-

373 1115 468 1171 mam,
503 1092 539 1156 ad
574 1112 664 1176 quam
695 1095 730 1156 tu
762 1113 846 1178 saepe
878 1091 1050 1156 dormivisti
1083 1094 1114 1155 et
1143 1089 1234 1155 simul
1257 1087 1373 1177 gingiva

374 1210 464 1277 dulce
486 1209 534 1274 lac
556 1211 676 1276 suxisti.

421 1331 470 1394 Or.
515 1329 646 1415 Pylade,
678 1329 752 1414 quid
783 1329 914 1396 faciam?
956 1350 1028 1392 uum
1059 1333 1184 1394 matrem
1214 1327 1376 1392 interficere

374 1447 520 1514 verebor?

295 1570 359 1633 900
416 1565 561 1652 Pylades.
606 1563 669 1629 Ubi
699 1585 772 1651 ergo
802 1571 875 1630 sunt
897 1564 1014 1650 reliqua
1040 1564 1161 1629 oracula
1184 1565 1300 1629 Loxiae
1322 1563 1376 1646 Py-

372 1683 460 1750 thia?
485 1684 602 1768 fidaque
624 1682 927 1768 jurumjurandorum
951 1684 1121 1748 sanctitas?
1167 1683 1305 1748 Cunctos
1327 1703 1376 1768 po-

373 1805 437 1870 tius
458 1803 600 1868 inimicos
622 1803 763 1867 existima
785 1823 875 1887 quam
900 1801 989 1866 Deos.

422 1924 470 1988 Or.
516 1922 630 1986 Jodico
654 1922 843 1997 terinoere,
867 1921 994 1986 etmihi
1017 1920 1093 1985 bene
1116 1921 1231 1986 suades.
1255 1957 1297 1968 —
1328 1919 1378 1983 Sc
1459 1989 1460 2004 p

372 2063 477 2128 quere,
500 2063 592 2128 prope
614 2041 715 2128 ipsum
738 2038 821 2104 hunc
849 2044 880 2103 te
903 2044 1033 2104 mactare
1057 2040 1145 2105 volo:
1185 2062 1254 2104 nam
1279 2039 1378 2103 vivum
1459 2027 1460 2098 ]

373 2163 461 2226 ctiam
485 2158 573 2224 illum
596 2163 681 2246 patra
702 2179 768 2223 meo
792 2158 939 2245 potiorem
964 2159 1101 2223 duxisti:
1130 2181 1198 2223 cum
1224 2158 1281 2223 hoo
1304 2179 1378 2220 mor·

373 2286 426 2346 tua
449 2279 565 2344 dormi:
599 2277 844 2363 qnandoquidem
869 2299 950 2341 amas
973 2275 1055 2342 huuc
1079 2277 1194 2355 virum,
1221 2298 1289 2342 enm
1313 2295 1379 2341 vero

373 2419 461 2484 quem
486 2419 583 2462 amare
605 2400 637 2460 te
658 2395 815 2481 oportebat
837 2395 939 2459 odisti.

420 2517 483 2603 uby.
511 2517 578 2603 Ego
601 2514 788 2592 tenemini,
811 2518 840 2578 et
864 2519 964 2578 tecum
988 2535 1141 2578 senescere
1164 2513 1241 2580 volo.

419 2638 468 2700 Or.
512 2634 633 2721 Quippe
656 2633 750 2719 patris
774 2634 831 2697 mei
855 2633 1045 2697 interfectrix
1070 2654 1186 2697 mecum
1210 2629 1379 2696 habitabis?

296 2757 359 2819 910
421 2755 484 2840 Oly.
513 2754 623 2819 Fatum
646 2751 753 2815 harum
776 2773 893 2827 rerum,
918 2752 959 2814 mi
988 2749 1045 2829 fili,
1068 2772 1158 2816 cauea
1181 2750 1249 2815 fuit.

420 2874 469 2936 Or.
514 2871 556 2935 Iu
578 2870 657 2935 hanc
681 2892 753 2955 ergo
777 2874 902 2934 mortem
925 2869 1022 2933 fatum
1046 2869 1171 2954 paravit.

421 2990 486 3075 Oly.
514 2992 649 3055 Annon
672 2989 761 3053 times
785 2989 919 3075 parentis
943 2987 1039 3064 diras,
1062 2987 1104 3051 mi
1128 2986 1195 3052 fili?

420 3110 469 3174 Or.
514 3109 595 3175 Nam
618 3129 695 3192 quae
716 3129 764 3171 me
786 3107 928 3193 peperisti
953 3105 1093 3192 abjecisti
1115 3107 1148 3170 in
1171 3105 1381 3170 infortunium.

421 3228 484 3312 Oly.
515 3229 587 3292 Non
611 3226 726 3309 abjeci,
749 3247 825 3310 qnae
848 3226 918 3289 misi
941 3226 972 3288 in
997 3225 1101 3289 domos
1124 3221 1299 3311 hospitales.

420 3347 469 3410 Or.
514 3346 634 3430 injuste
656 3345 753 3421 venii,
777 3367 870 3430 quum
892 3346 947 3409 sim
972 3344 1068 3431 patris
1092 3342 1187 3408 liberi.

418 3465 482 3550 Oly.
511 3465 552 3530 ut
575 3464 628 3529 ubi
653 3465 783 3550 pretium
807 3469 869 3540 est,
891 3464 973 3547 quod
997 3462 1122 3550 accepi?

420 3585 469 3648 Or.
513 3584 614 3649 Pudet
637 3605 699 3660 me,
724 3581 781 3646 hoc
805 3589 893 3647 tuum
915 3582 1046 3647 dedecus
1069 3580 1249 3667 exprobrare
1273 3585 1381 3668 aperte.

418 3703 481 3787 Oly.
512 3704 561 3767 Ne
573 3702 910 3788 pudeat,verumctiam
921 3703 1016 3788 patri
1025 3701 1072 3764 tui
1080 3701 1193 3787 pariter
1203 3699 1252 3764 dio
1261 3721 1381 3765 errores.

418 3822 466 3885 Or.
512 3821 562 3887 Ne
585 3841 692 3884 accusa
716 3819 917 3897 laborantem,
942 3820 1013 3883 dum
1037 3819 1104 3905 ipsa
1126 3819 1212 3882 intus
1236 3820 1330 3884 sedes.

419 3939 482 4024 erp.
511 3940 611 4004 Grave
634 3943 680 4003 est
701 3938 880 4002 mulieribus
904 3938 997 4001 arceri
1022 3938 1104 4015 viro,
1129 3938 1169 4002 mi
1195 3937 1248 4001 fiii.

417 4059 465 4121 Or.
512 4056 727 4121 Verumtamen
744 4058 802 4121 viri
818 4055 902 4120 labor
919 4055 974 4119 alit
985 4054 1125 4119 mulieres
1138 4055 1276 4120 sedentes
1290 4054 1378 4120 domi.

417 4176 481 4260 Cly.
523 4176 746 4241 Interfeoturus
764 4175 893 4250 videris,
917 4195 934 4236 o
958 4174 1019 4250 fili,
1042 4174 1189 4237 matrem?
1280 4205 1283 4212 ·

415 4295 463 4358 Or.
520 4293 569 4358 Tu
593 4295 803 4380 temetipsam
827 4293 1007 4368 interficies,
1029 4314 1090 4356 non
1114 4314 1179 4378 ego.
