2956 4974
326 454 369 515 64
622 467 886 514 ramerarrarro
909 465 1042 512 currus.

326 658 402 732 tem,
432 657 585 738 tamquam
613 651 775 741 pecudem,
805 650 924 718 nutrire
946 654 1067 738 oportet
1092 647 1182 715 modo
1205 648 1336 714 mentis:

327 797 395 838 nam
418 772 570 858 quomodo
594 771 682 838 aliter
705 772 770 838 fieri
792 771 919 860 posset?
962 772 1072 856 Neque
1095 771 1174 836 enim
1197 769 1338 855 loquitur

324 893 491 977 quidquam
518 892 619 957 infans
650 890 722 956 dum
752 897 799 958 est
828 892 862 956 in
888 891 1006 970 fasciis,
1029 891 1055 956 si
1078 891 1170 956 sames
1194 889 1243 956 vel
1265 891 1339 955 sitia
1464 895 1465 918 ¹

325 1010 425 1095 aliqua
448 1009 495 1076 vel
527 1010 684 1098 mingendi
719 1009 829 1098 cupido
863 1032 930 1075 eum
960 1007 1070 1074 habet:
1100 1031 1204 1075 recens
1231 1013 1340 1074 venter
1464 1071 1465 1088 p

324 1131 488 1196 infantium
523 1131 597 1195 facit
631 1152 665 1196 ea
698 1151 774 1214 quae
809 1129 883 1195 vult.
932 1129 1016 1195 Haeo
1047 1151 1104 1216 ego
1134 1151 1229 1214 quum
1258 1129 1340 1195 divi·
1464 1133 1465 1144 ¹

325 1271 443 1328 narem,
465 1257 496 1315 et
519 1271 620 1337 saepe,
642 1253 678 1314 ut
700 1250 805 1326 credo,
829 1248 997 1336 deciperer,
1020 1249 1207 1334 intentisque
1227 1250 1340 1314 fascias

250 1364 467 1446 7601avarem,
490 1367 567 1433 fullo
599 1373 629 1432 ct
659 1368 794 1432 nutritor
824 1367 905 1432 idem
933 1390 1044 1434 munus
1071 1366 1230 1432 habebant.
1269 1368 1341 1455 Ego

326 1486 461 1573 duplicia
495 1484 568 1551 haec
603 1483 715 1551 habens
750 1486 871 1572 opificia
901 1486 1040 1551 Orestem
1069 1487 1172 1573 accepi
1201 1511 1217 1550 a
1243 1490 1341 1572 patre.

325 1606 420 1670 Nunc
451 1609 606 1670 mortuum
630 1627 694 1670 esse
717 1605 824 1670 misera
846 1604 946 1670 audio.
981 1604 1094 1670 Verum
1120 1625 1154 1669 eo
1178 1604 1342 1670 advirum
1464 1641 1465 1714 p

325 1722 416 1810 hujus
444 1723 550 1790 domus
573 1724 772 1812 perditorem,
804 1723 911 1788 lubens
939 1722 1023 1789 hunc
1045 1724 1195 1790 nuncium
1218 1745 1341 1811 compe
1464 1805 1465 1814 ἵ

326 1843 392 1907 riet.

374 1962 443 2026 oto.
489 1959 650 2034 Quomodo
693 1981 765 2048 ergo
801 1959 889 2046 jubet
930 1960 1017 2026 illum
1058 1962 1247 2028 instructum
1288 1985 1342 2028 ve·

326 2081 414 2146 nire?

371 2198 434 2263 Nu.
480 2199 564 2264 Num
594 2219 684 2284 rogas
715 2199 891 2282 quomodo?
939 2197 1000 2264 Dic
1028 2200 1156 2277 iterum,
1182 2203 1219 2264 ut
1242 2200 1341 2287 magis
1413 2287 1416 2294 Ι
1464 2197 1465 2248 ἒ

327 2317 484 2405 perspicue
505 2316 685 2404 intelligam.

374 2437 444 2499 cao.
484 2435 595 2500 Utrum
619 2457 688 2499 cum
712 2434 860 2500 militibus
887 2457 925 2500 an
948 2435 1186 2502 incomitatum?

369 2554 433 2619 Na.
480 2554 574 2620 Jubet
597 2555 686 2619 illum
709 2553 858 2618 adducere
881 2559 1011 2619 armatos
1035 2555 1168 2620 comites.

250 2675 313 2738 770
374 2674 442 2737 Cho.
481 2673 558 2740 Noli
587 2695 656 2740 vero
690 2673 722 2737 id
751 2674 898 2738 nunciare
921 2673 1101 2739 detestando
1125 2673 1265 2739 domino:
1290 2695 1342 2738 ve·

325 2813 391 2856 nrm
415 2796 451 2857 ut
473 2792 556 2857 solus
579 2794 683 2858 veniat
705 2796 741 2857 ut
763 2793 828 2857 sine
852 2797 935 2857 metu
955 2815 1018 2858 rem
1036 2792 1200 2879 comperiat
1220 2791 1343 2860 hortare

326 2933 394 2976 eum
416 2933 507 2996 quarn
531 2912 676 2976 citissime
698 2911 776 2976 laeta
798 2917 907 2976 mente.
952 2912 1033 2977 Nam
1057 2912 1090 2976 in
1112 2911 1227 2976 nuncio
1246 2933 1341 2977 occu-

325 3029 401 3094 litur
420 3051 517 3095 sermo
542 3034 668 3095 eventus
690 3029 797 3095 felicis.

369 3149 435 3213 Na.
481 3150 565 3214 Num
590 3171 659 3214 vero
681 3151 797 3237 gaudes
820 3152 975 3234 praesente
997 3149 1137 3214 nuncio?

374 3269 442 3332 Oto.
482 3269 597 3334 Verum
617 3270 644 3334 si
664 3269 787 3356 Jupiter
804 3267 970 3354 aliquando
989 3267 1135 3334 malorum
1153 3269 1340 3334 aversionem

327 3387 420 3453 dabit.

370 3507 435 3571 Nc.
480 3506 719 3592 ecquomodo?
745 3505 868 3572 Orestes
891 3529 959 3594 spes
983 3505 1091 3572 domus
1114 3507 1213 3594 periit.

374 3626 443 3690 Oto.
481 3626 645 3691 Nondum:
669 3624 717 3691 vel
739 3625 845 3690 tardus
868 3629 952 3690 vates
975 3623 1033 3690 hoc
1056 3625 1219 3712 intelligat.

371 3743 435 3808 Na.
481 3743 566 3816 Quid
599 3743 698 3809 diois?
721 3743 871 3828 numquid
890 3742 981 3809 habes
1005 3742 1157 3809 diversum
1180 3765 1198 3806 a
1222 3740 1339 3808 dictis?

375 3863 443 3927 Cho.
481 3862 543 3928 Abi
565 3868 596 3929 et
618 3864 747 3941 nuncia,
771 3862 910 3928 mandata
933 3885 1050 3950 perage.
1084 3861 1202 3927 Ourant
1225 3861 1281 3926 Dii
1305 3885 1340 3926 ea

252 3987 315 4052 780
328 4003 403 4067 quae
427 3988 542 4048 curant.
901 4072 903 4076 y

372 4101 435 4166 Na.
481 4101 595 4166 Verum
619 4123 654 4166 eo
676 4106 707 4166 et
728 4102 762 4166 in
784 4099 842 4166 hoc
865 4099 923 4166 ribi
946 4099 1167 4187 obtemperabo.
1207 4099 1340 4166 Eveniat

328 4241 417 4305 quam
439 4221 552 4307 optime
574 4219 709 4284 Deorum
732 4241 863 4285 munere.
